2970 4942
200 311 264 382 300

288 433 442 558 Quamdiu
462 453 563 568 intem
575 448 775 558 Episcopatus
791 467 1026 557 osnabrugensis
1047 475 1163 538 dotatio
1177 465 1332 556 suspense

200 569 348 659 manebit,
381 580 553 662 Episcopali
583 580 701 640 Menses
728 579 939 642 Hildeeirncnsi
975 589 1166 660 augmentum
1194 577 1335 639 bismille

200 679 446 750 Thalerorum'e
474 679 566 744 Bonis
591 681 808 743 Ecclesiasticis
846 683 878 744 in
917 683 1073 746 Provincia
1101 674 1336 759 osnabrugensi
1392 673 1398 690 '

200 789 290 867 sitis
300 786 579 868 percipiendorum,
620 784 754 864 itemque
788 786 907 846 occano
935 785 1159 846 Hildesimensis
1192 783 1336 864 Capituli

200 900 392 970 augmentum
413 897 580 950 tercentum
601 884 799 946 Thalerorum
821 887 1027 966 assignabitur,
1056 888 1124 947 sb'
1115 887 1189 968 apsis
1210 905 1336 948 annua-

200 993 255 1054 tim
275 991 444 1078 respective
475 985 755 1070 percipiendorum,
790 981 974 1070 perdurante
1001 991 1209 1052 tantummodo
1235 1009 1335 1070 prae·

92 1120 94 1124 ·
122 1177 123 1181 ἵ
200 1093 281 1154 dicta
303 1087 464 1155 dotationis
485 1092 685 1172 Episcopatus
707 1092 945 1171 osnabrugensis
963 1093 1168 1172 suspensione.

285 1194 386 1274 sitque
407 1197 531 1272 interea,
556 1213 593 1254 ue
614 1192 764 1254 llioecesis
788 1191 1035 1272 osnabrugensis,
1070 1195 1119 1254 cui
1143 1194 1181 1254 ob
1205 1215 1253 1254 eas
1273 1215 1334 1256 ra-

113 1308 136 1388 '.
199 1299 298 1362 tiones
320 1297 468 1376 designari
487 1297 520 1356 in
540 1315 682 1377 praeseus
703 1295 831 1356 Antiates
853 1298 973 1376 nequit,
996 1297 1127 1376 legitimo
1150 1305 1247 1358 careat
1267 1295 1334 1358 liei

200 1404 310 1462 Sacrae
330 1398 488 1479 regimine,
516 1398 706 1476 mandamus,
737 1407 773 1458 ut
792 1399 978 1460 Venerabilis
1000 1401 1105 1464 Frater
1134 1399 1265 1459 Carolus
1283 1397 1334 1478 ιίς

204 1503 335 1583 Gruben,
357 1503 524 1584 Episcopus
545 1500 683 1561 Pacensis
704 1501 737 1560 in
757 1501 896 1581 partibus
916 1502 1101 1574 infidelium,
1132 1477 1336 1583 ejusdemque

134 1643 136 1651 ι
202 1604 440 1684 osnabrugensis
467 1604 620 1666 Ecclesiae
649 1602 852 1680 suffraganeus
879 1605 1042 1666 llioecesim
1069 1607 1183 1686 ipsam,
1223 1605 1336 1684 quoad

201 1709 328 1786 vixerit,
366 1707 533 1786 gubernare
559 1715 787 1786 prosequatur,
814 1725 910 1786 eoque
937 1700 1078 1768 deinneto
1100 1700 1333 1772 Hildesimensia

202 1831 260 1894 pro
304 1821 439 1890 tempore
481 1811 649 1890 Episcopus
689 1807 856 1868 llioecesim
875 1801 887 1896 J
900 1828 1020 1889 quoque
1057 1811 1335 1898 osnabrugensem

200 1912 398 1976 facultatibus
428 1909 466 1971 ad
495 1911 528 1972 id
556 1911 594 1970 sb
616 1909 792 1989 Apostolioa
814 1909 891 1970 Sede
917 1911 1051 1991 quelibet
1076 1915 1144 1974 vioe
1173 1913 1231 1974 sibi
1255 1935 1335 1994 spe-

203 2017 302 2078 ciatim
341 2013 513 2092 delegandis
550 2000 759 2074 administrare
767 2057 776 2090 ,
823 2033 970 2094 anumque
1000 2014 1152 2074 vicarium
1185 2017 1219 2074 in
1249 2007 1382 2094 Spi-‘,
1474 2025 1475 2052 ι

139 2121 140 2126 ’
189 2119 369 2198 ritualibus
388 2117 579 2200 Gerrepalem,
624 2115 677 2196 qui
710 2118 744 2176 in
778 2117 907 2178 Ciuitate
934 2117 1157 2194 Osnabrugcnsi
1187 2115 1333 2194 resideat,

175 2299 177 2311 δ
202 2221 312 2284 debeat
332 2219 506 2282 adsciscere.
551 2216 612 2291 Qui
633 2217 753 2297 quidem
767 2219 917 2296 vicarius,
938 2217 1102 2279 dummodo
1124 2217 1333 2297 veredigous,

161 2401 163 2419 Ι
201 2336 232 2388 et
251 2325 379 2388 idoneus
399 2321 551 2404 judicatus
572 2320 681 2398 luerit,
719 2318 744 2382 ι’
758 2323 893 2382 Romano
915 2320 1060 2382 Po'ntilice
1088 2315 1176 2382 titulo
1198 2321 1333 2402 alicujus
1380 2386 1391 2404 0

196 2427 391 2508 'Episcopalis
417 2423 570 2486 Ecclesiae
597 2419 631 2486 iu
662 2423 797 2502 partibus
817 2423 1004 2498 lnfidelium,
1037 2425 1163 2484 servatis
1186 2423 1332 2486 omnibus

201 2529 376 2604 servandis,
411 2523 607 2588 decorabitur
628 2519 666 2584 ad
687 2521 763 2603 boc,
788 2535 822 2586 ut
842 2525 1026 2586 Pontificalis
1047 2526 1078 2586 in
1099 2525 1164 2610 ipsa
1188 2527 1331 2606 Ciuitate,

201 2639 231 2692 et
253 2628 388 2689 oioecesi
411 2626 633 2705 osnabrugensi
652 2617 791 2688 exorcem
812 2629 918 2708 possit,
939 2637 978 2697 et'
990 2627 1099 2690 valeat.
1149 2629 1253 2691 Eidem
1272 2631 1331 2692 id-

200 2733 284 2792 circo
305 2727 427 2792 Vicsrio
451 2729 591 2790 Generali
613 2729 832 2808 osnabrugensi
851 2749 909 2810 pro
931 2721 994 2808 sua',
1017 2741 1047 2794 et
1063 2733 1248 2814 Episcopalis
1266 2735 1333 2798 Cu-

200 2835 262 2896 riae
292 2833 444 2894 dotatione
473 2853 572 2940 annua
597 2832 800 2912 persolvenda
836 2833 895 2894 erit
923 2855 1038 2896 summa
1072 2836 1164 2896 trium
1198 2835 1331 2900 millium

121 2978 148 3002 .,
200 2935 399 3004 Thaleroruns
435 2919 573 2996 modetse
613 2929 848 3008 conventionalia
878 2957 895 2998 a
923 2938 1111 3016 praelaudati
1139 2939 1333 3007 serenissimi

133 3112 136 3118 Ι
200 3041 293 3151 liegis
310 3009 427 3100 liberali
448 3037 649 3100 munificentia
668 3038 832 3117 promissa,
848 3057 943 3118 quae
962 3039 995 3100 in
1014 3040 1113 3122 ipsius
1132 3042 1244 3103 Vicarii
1265 3045 1330 3106 Ge·

200 3134 313 3205 deralis
335 3161 507 3220 congruam,
529 3142 589 3199 et
579 3161 612 3200 sn
633 3159 760 3200 annuam
781 3139 936 3201 laboribus
957 3143 1187 3224 respondentem
1206 3163 1329 3207 merce-

201 3246 270 3332 dem
291 3244 584 3320 Ecclesiasticorum‚
616 3245 669 3324 qui
689 3265 773 3304 suam
796 3245 921 3306 odem
911 3265 946 3306 sn
966 3265 999 3306 aa
1020 3249 1234 3328 procuratione
1255 3269 1329 3332 ope-

201 3367 271 3410 ram
287 3347 522 3410 commodabunt
542 3346 600 3407 erit
620 3346 831 3427 impendenda.

277 3451 388 3512 Donec
410 3459 506 3510 autem
528 3450 687 3529 proprium
709 3449 935 3528 Ososbrngense
955 3423 1153 3514 Seminarium
1174 3453 1249 3532 esigi
1271 3475 1329 3534 po·

200 3549 303 3628 tuerit,
325 3550 451 3630 hujusce
473 3551 624 3612 Dioecesis
648 3551 756 3610 Clerici
777 3551 913 3628 alentur,
948 3562 1038 3633 atque
1065 3555 1305 3648 educabuntor'
1294 3577 1330 3618 ιιι

199 3653 373 3734 Episcopali
394 3653 559 3714 Seminario
582 3652 812 3726 Hildesinsensi,¹
828 3655 878 3715 cui
902 3665 1065 3736 propterea
1086 3657 1176 3738 bona,
1198 3680 1233 3718 ac
1253 3657 1327 3718 red-

202 3750 300 3830 ditne',
333 3755 444 3834 quibus
465 3765 536 3815 actu
556 3755 676 3834 gaudet,
697 3757 812 3836 integra
834 3757 1104 3822 conservabunturs
1135 3761 1219 3849 quod
1245 3761 1328 3822 idem

199 3857 316 3918 dictum
339 3858 480 3918 volumus
501 3859 540 3920 de
566 3857 654 3924 bonis
684 3879 720 3918 ao
740 3859 912 3922 redditibus
945 3861 979 3920 in
1011 3863 1173 3926 tuitionem
1199 3864 1329 3924 Aedium

199 3961 378 4038 Sacrarum,
409 3967 471 4020 tam
493 3959 736 4036 Hildesimensis,
772 3977 864 4040 quam
884 3957 1142 4044 osnabrugensis,
1177 3975 1268 4046 atque
1294 3963 1329 4025 in

191 4071 336 4143 sumptus
358 4062 459 4124 Divioi
482 4063 598 4138 Cultus,
620 4080 656 4124 as
676 4063 884 4126 llinistrorum
904 4067 1072 4145 mercedem
1093 4065 1263 4146 adsignatis.

125 4225 128 4232 .
203 4177 208 4191 ‘
240 4159 246 4188 ‘
284 4166 543 4246 Quotiescumque
561 4185 635 4226 vero
660 4167 762 4247 aliqua
790 4185 829 4228 ex
852 4171 1035 4251 supradictis
1056 4169 1184 4233 Sedibus
1205 4159 1330 4254 Episco-

141 4292 144 4299 ·
200 4267 330 4352 palibus,
351 4277 414 4330 tam
428 4269 653 4349 Hildeeimmsi,
675 4289 764 4351 quam
782 4271 1014 4356 osnabrugensi,
1036 4295 1112 4356 quae
1131 4271 1237 4336 ambae
1257 4289 1329 4352 per·
