2922 4930
1197 395 1260 460 709

164 623 170 629 ,
228 555 308 630 dat,
329 557 382 620 Ill.
426 559 501 619 Cum
521 532 555 620 ib
576 559 782 622 conventione
803 557 876 617 anni
903 555 982 625 1741
1005 555 1078 620 unio
1102 559 1261 621 nonnulla·

143 681 212 723 rum
234 661 354 722 Sediurn
376 661 610 742 episcdpalium,
629 683 706 742 quae
728 660 944 740 angustissimis
965 663 1158 724 continentur
1179 663 1260 724 limi-

143 765 240 841 tibus,
275 774 307 825 et
329 764 382 824 ubi
412 765 590 846 episcopalis
623 765 754 844 dignitas
786 761 937 824 redituum
969 763 1060 824 etiam
1088 763 1261 826 modicitate

143 865 279 940 vilescit,
301 867 469 926 necessaria
488 867 587 944 agnita
605 869 713 946 luerit,
738 885 867 946 eumque
888 865 1029 926 unionem
1051 865 1155 941 istam,
1186 855 1262 947 quae
1303 933 1307 938 ,

99 963 216 1037 ’,ωηο
242 977 363 1047 paracta
391 989 453 1032 nou
477 969 550 1044 fuit,
578 979 643 1030 tum
674 968 862 1043 earumdem,
889 977 954 1027 tum
983 969 1111 1029 aliarum
1140 971 1263 1033 Sedium
1290 999 1293 1004 ·

48 1067 51 1072 ’
145 1068 278 1132 deterior
296 1070 377 1129 taeta
398 1069 530 1130 conditio
554 1091 636 1131 nuuc
658 1073 751 1151 magis
773 1069 926 1149 magisque
954 1071 1103 1151 postulat,
1130 1071 1200 1134 ideo
1229 1073 1286 1134 iu=

144 1171 260 1232 ditione
283 1173 358 1231 citra
379 1169 525 1247 Pharum,
565 1174 690 1233 servatis
710 1171 890 1248 ,servandim
926 1182 957 1231 et
990 1173 1144 1254 exquisito
1175 1175 1263 1257 prius

143 1275 286 1336 iuteresse
306 1257 480 1336 labantium
501 1258 665 1353 edusensn,
686 1295 766 1336 nava
787 1275 838 1333 liet
857 1274 1043 1336 Dioecesium
1065 1259 1268 1338 Circumscriss

90 1410 94 1418 ι
143 1377 218 1458 ptio.
260 1377 295 1436 ln
324 1396 365 1436 ea.
387 1377 598 1438 constituenda
624 1377 772 1436 Fidelium
798 1375 1006 1454 commodum,
1036 1385 1065 1437 et
1096 1375 1263 1458 spiritualis

142 1481 316 1562 praesertim
337 1481 452 1540 utilitas
472 1481 684 1558 respiciantur.
719 1480 768 1540 Ex
784 1477 1003 1559 episcopalibus
1025 1477 1162 1556 Sedibus,
1185 1501 1262 1560 quaa
1296 1535 1297 1542 ,

79 1641 80 1652 ,
144 1583 184 1644 ob
222 1583 344 1642 nimiam
377 1579 530 1640 redituum
566 1575 791 1660 modicitatem,
831 1592 882 1640 aut
910 1581 1053 1668 locorum
1086 1581 1261 1642 obscurita-
1336 1596 1340 1608 ·

143 1696 221 1762 tem,
251 1694 303 1744 aut
335 1681 374 1748 ob
403 1665 700 1766 aliasdationsbiles
738 1703 842 1742 causas
874 1683 1050 1742 conservari
1082 1705 1144 1744 nou
1170 1693 1290 1766 potem,

143 1796 234 1859 runt,
277 1785 478 1866 antiquiores,
523 1794 554 1846 et
588 1785 766 1864 insigniores
806 1787 1066 1848 eomervabuutur
1109 1797 1262 1870 tamqnam

145 1886 405 1952 Conestiredrales.
838 1885 840 1890 ’
999 1953 1006 1960 ,
1035 1887 1038 1892 ’

113 1991 120 2014 “
228 1989 409 2074 inditione
424 2009 498 2052 vero
527 1999 611 2052 trans
639 1989 771 2054 Pharum
798 2013 900 2054 omnes
921 1989 1204 2074 archiepiscopales,
1233 1999 1264 2054 et

145 2093 331 2178 episcopales
360 2091 467 2171 Sedes,
496 2113 572 2174 quae
601 2113 682 2154 nunc
710 2093 858 2169 existunt,
889 2095 1164 2179 conservabuntur,
1200 2095 1262 2156 imo
1350 2161 1352 2172 ¹

143 2221 243 2262 earnm
266 2178 426 2272 numerus,
454 2205 490 2256 ut
511 2196 689 2272 commodo,
721 2216 757 2256 ae
786 2179 936 2280 spirituali
965 2195 1111 2258 Fidelium
1138 2196 1262 2258 utilitati

142 2303 252 2365 melius
273 2301 495 2384 prospiciatur,
524 2285 689 2376 augebitur.

228 2405 391 2466 Territoria
420 2401 616 2484 quarumdam
638 2399 833 2462 Abbatiarum
855 2401 973 2462 Nullius
998 2395 1164 2480 Diaecesis,
1186 2421 1264 2483 quae

143 2520 197 2570 aut
219 2507 351 2588 angustie
373 2503 498 2564 nimium
521 2503 713 2562 continentur
734 2505 899 2582 limitibus,
932 2513 984 2564 aut
1007 2525 1060 2566 sus
1083 2507 1162 2567 bona
1192 2507 1264 2566 ami.

144 2622 265 2686 serunt,
297 2619 350 2669 aut
377 2607 505 2666 modicis
529 2605 690 2666 admodum
713 2605 830 2667 dotatae
851 2619 922 2670 aunt
942 2607 1105 2685 reditibus,
1143 2607 1264 2672 collatis

144 2713 276 2772 consiliis
297 2711 333 2770 iis
354 2711 497 2768 unientur
530 2707 733 2788 llioecesibue,
764 2709 842 2772 intra
871 2731 997 2794 quarum
1023 2711 1095 2773 lines
1124 2711 1157 2772 in
1184 2732 1264 2776 nova

144 2813 429 2892 Circumscriptiune
451 2811 506 2869 sita
527 2811 726 2889 reperientur.

227 2913 423 2977 Abbatiarum
446 2912 719 2993 consistorialium,
757 2937 886 2995 quarum
915 2917 1009 2976 annui
1040 2917 1154 2980 reditus
1184 2937 1264 2975 sum·

141 3041 222 3081 mam
245 3019 424 3080 ducatorum
440 3015 674 3096 quingentorum
697 3019 857 3096 excedunt,
880 3021 965 3079 nulla
983 3019 1055 3080 unio
1076 3021 1137 3078 liet.
1179 3019 1265 3078 Bona

142 3124 269 3184 aliarum
302 3119 499 3194 Abbatiarum
528 3119 641 3200 pariter
666 3119 922 3194 Conaistorialium
944 3120 995 3206 (iia
1019 3113 1168 3201 exceptis,
1189 3141 1265 3200 quae

141 3237 212 3286 sunt
232 3223 524 3306 juris-patronatus)
552 3240 680 3301 quarum
703 3223 792 3284 annui
814 3224 930 3283 reditus
953 3223 1156 3303 supradictam
1181 3243 1264 3282 sum·

142 3349 220 3388 mam
241 3349 302 3386 non
325 3327 486 3406 attingunt,
510 3333 563 3383 aut
584 3311 814 3406 unienturaliis
837 3325 973 3386 Abbatiis
988 3323 1193 3385 ecelesiasticis
1214 3345 1265 3386 us-
1364 3347 1371 3357 ·

143 3421 262 3510 que-sd
284 3429 515 3508 quingentorum
542 3427 720 3487 ducatorum
743 3448 904 3508 summam,
936 3438 989 3487 aut
1014 3414 1157 3508 augendis
1185 3425 1263 3488 doti·

142 3529 200 3590 bus
223 3529 446 3610 Capitulorum,
469 3541 499 3589 et
520 3529 727 3590 paroeciarum
749 3513 990 3611 applicabunturl

225 3631 306 3693 Haec
321 3631 477 3713 dispositio
493 3631 640 3694 Ordinum
653 3617 827 3696 Militariuni
841 3631 1034 3697 Commendas
1050 3654 1111 3692 non
1128 3631 1263 3715 respicit.

225 3717 306 3794 tre.
327 3733 379 3796 Ν.
423 3735 581 3809 Quaelibet
609 3737 711 3797 Mensa
734 3737 911 3818 episcopalia
934 3736 969 3795 in
994 3737 1097 3816 Regno
1124 3735 1265 3816 gaudebit

142 3855 242 3897 annuo
266 3835 364 3896 reditu
383 3837 422 3896 ad
442 3835 541 3898 minus
562 3839 655 3900 trium
677 3817 815 3904 minimi
829 3839 1010 3900 ducatorum
1031 3860 1069 3926 ex
1093 3839 1180 3901 bonis
1202 3849 1264 3900 ata-

95 3995 97 4000 .
139 3939 267 4016 bilibus,
290 3939 421 4020 publicis
444 3939 581 4030 deductis
602 3943 754 4004 oneribus.

224 4043 371 4103 Sanctitas
392 4044 451 4102 Sua
480 4028 597 4103 collatis
629 4065 697 4104 eum
726 4045 816 4124 Regia
845 4043 998 4125 Majestate
1022 4043 1157 4104 consiliis·
1177 4041 1285 4124 ejus·¹
1337 4093 1348 4100 ,

139 4143 222 4204 modi
243 4145 331 4207 dotes
353 4163 444 4225 quum
466 4143 554 4206 citius
575 4145 641 4206 fisri
667 4149 781 4227 poterit
810 4149 974 4208 constituet
999 4167 1055 4226 pre
1077 4145 1115 4206 iis
1136 4147 1264 4208 Sedibus

140 4244 378 4327 episcopalibus,
410 4247 520 4327 quibus
551 4269 689 4327 praeseus
710 4249 866 4331 dispositio
889 4247 1069 4331 applicanda
1092 4251 1159 4311 erit.
1240 4269 1243 4276 ·

225 4348 305 4413 Art.
328 4351 366 4420 V.
418 4351 578 4428 Quaelibet
602 4353 733 4414 Ecclesia
762 4361 824 4416 tam
852 4350 1135 4436 archiepiscopalia,
1172 4370 1263 4435 quam
1323 4393 1325 4396 -
