2922 4930
165 506 205 567 di.
237 503 362 568 Cenabit
380 509 481 587 itaque
500 487 695 588 'supradictus
708 506 896 568 France'scue
915 514 1072 587 passam
1090 495 1221 578 Nostrae*
1234 505 1288 578 Isi-3

165 617 245 669 teras
272 607 452 674 adamussim
484 609 663 690 exequendo
698 609 742 670 ita
774 628 823 670 res
853 628 956 671 amnes
983 617 1288 688 composueruntque,

136 721 142 751 ι
165 708 375 787 constabilire,
398 720 434 774 ut
455 702 583 791 quilibet
611 711 742 774 Antiates
771 708 962 773 commodem
990 708 1204 786 acfdeaentsen
1224 709 1298 792 inq

163 807 233 870 beat
261 811 416 890 propriam
444 813 503 876 sibi
536 813 723 898 adsignatam
750 811 973 875 Habitatiuusru
1005 817 1153 893 aptasque
1174 810 1287 888 babeat

163 911 305 994 prpprise
326 913 416 992 Edee,
436 915 593 995 quodlibet
622 915 789 980 Puerorum
809 912 1054 979 Ecclesiasticus
1074 913 1286 992 &ninnium

164 1022 260 1092 utque
280 1016 374 1074 annui
394 1018 532 1080 redditus
553 1019 585 1078 in
607 1037 642 1080 ea
664 1019 785 1080 Summa
798 1015 924 1078 cuilibet
938 1014 1143 1094 adsignentur,
1164 1035 1224 1098 qus
1244 1016 1285 1096 ud

164 1109 353 1195 Episcopelie
382 1117 544 1196 Dignitatis'
570 1119 713 1182 dacorum
742 1119 963 1195 sustinendum,
993 1117 1041 1178 ad
1060 1116 1286 1206 mahometum

130 1219 132 1226 '
165 1218 370 1281 Ecclesiarum
392 1231 422 1280 et
441 1223 652 1303 Capitulorum
674 1222 932 1284 manutentionem
960 1239 997 1282 ac
1023 1205 1178 1283 decentem
1205 1221 1288 1284 eub-

165 1321 376 1382 etentetionem
397 1323 485 1384 etad
506 1323 703 1386 Puerorum
693 1343 726 1382 sn
747 1322 915 1384 Semiramio
944 1321 1152 1386 educationem
1179 1324 1285 1386 alimo-

164 1423 245 1496 niam
267 1431 297 1484 et
317 1423 546 1488 instructionem
576 1425 759 1488 conveniens
787 1435 818 1484 et
843 1419 1008 1485 necessaria
1030 1427 1208 1504 respective
1238 1429 1284 1490 di
1377 1449 1378 1453 ’

165 1534 337 1604 gnoscatur.
359 1525 478 1590 Interea
490 1512 667 1610 supradicto
681 1529 859 1602 Frarscisco,
873 1527 1035 1606 Episcopo,
1051 1503 1284 1595 Uladislsrieuei

165 1629 331 1712 Exequlori
352 1627 505 1710 deputato,
528 1641 561 1692 ut
582 1631 646 1712 ipse
666 1650 723 1711 per
744 1650 776 1690 ee
795 1629 845 1690 vel
866 1649 921 1710 per
934 1627 1034 1706 eliam,
1055 1631 1194 1711 seupliee
1213 1635 1286 1697 Per
1398 1683 1401 1700 ,

166 1751 255 1794 acuas
275 1752 308 1810 ιιι
330 1731 537 1797 Ecclesiastico
560 1733 708 1811 Dignitats
730 1733 935 1802 constitutam.
958 1749 1013 1792 seu
1033 1734 1222 1810 constitutae,
1243 1737 1284 1800 ab

166 1855 202 1894 eo
225 1834 393 1914 specialiter
414 1819 676 1918 subdelegasidem,
704 1837 755 1896 vel
775 1833 1021 1912 subdelegandae‚
1050 1837 1150 1896 omnia
1170 1848 1201 1898 et
1220 1837 1286 1903 aine

166 1937 246 2016 gula,
270 1955 328 2016 qus
341 1935 380 1998 ed
399 1941 613 2020 premissorum
640 1939 774 2002 omnium
804 1947 835 1998 st
856 1933 1042 2016 cingulorum
1064 1927 1231 2016 planesiaco
1252 1948 1285 2011 et

165 2039 313 2118 integram
335 2041 542 2121 sxequtionom
554 2019 718 2104 ueceeeaiie
728 2039 899 2120 dignoverit
908 2057 1023 2117 gerere
1045 2038 1156 2116 lacere,
1179 2042 1285 2123 diepo-
1318 2120 1319 2126 ἵ

123 2147 126 2154 ’
165 2161 239 2202 nere
253 2163 296 2202 ao
319 2151 450 2206 statuere
473 2166 635 2226 omnesque
664 2141 885 2210 controversiae
916 2159 952 2200 ac
981 2139 1153 2219 questiones
1181 2147 1285 2206 torem

167 2244 297 2306 oriturae
318 2246 499 2326 examinare,
512 2248 648 2328 judicare
669 2270 705 2310 ac
726 2245 849 2308 delinire
867 2243 960 2304 libere
975 2252 1010 2304 et
1029 2243 1122 2306 licite
1132 2247 1234 2325 possit
1248 2261 1301 2308 ac'

80 2343 81 2348 ’
166 2347 275 2422 valeat,
303 2349 481 2410 necessariae
508 2371 610 2412 omnes
631 2359 663 2412 et
689 2357 876 2431 opportunae
904 2329 1064 2406 facultates
1092 2348 1284 2410 concedimus

167 2458 259 2528 etque
279 2451 471 2530 impartimur
489 2453 640 2533 simulque
654 2452 749 2514 eidem
766 2451 942 2524 Francisco,
964 2447 1158 2528 Episcopo(
1148 2439 1286 2530 injungi·

157 2571 243 2626 lmus,
265 2561 300 2612 ut
320 2559 392 2633 post
413 2555 592 2634 completam
607 2555 713 2647 parum
730 2555 899 2618 Litecarum
919 2549 1126 2629 exequtionem
1149 2559 1286 2618 actorum

168 2653 302 2714 omnium
324 2653 527 2717 authenticum
550 2657 709 2739 Exemplar
729 2658 806 2718 infra
823 2659 1000 2716 semestrem
1015 2650 1175 2714 adurbeus
1183 2663 1284 2716 traua·

86 2777 87 2780 ¹
166 2756 285 2816 mittere
305 2765 447 2818 teneetur
462 2759 494 2820 in
510 2761 733 2825 Consietorieles
754 2757 882 2832 Tabulae
903 2755 1109 2830 referendum
1129 2767 1285 2837 presentes
1329 2765 1332 2774 '

68 2851 72 2862 ’
167 2868 266 2920 autem
287 2859 389 2920 literae
405 2871 440 2922 et
459 2861 492 2922 in
514 2863 555 2925 sie
578 2873 719 2926 contenta
742 2860 1034 2942 quecumqua'nullo
1056 2879 1187 2938 uuquam
1205 2870 1284 2923 tem·

165 2981 250 3040 pore,
276 2962 424 3036 etiumax
445 2983 491 3038 eo,
525 2960 607 3044 quod
629 2965 755 3046 quilibet
775 2943 807 3024 iri
828 2964 865 3024 iis
891 2963 1035 3026 interesse
1062 2961 1207 3036 hebentm
1234 2962 1305 3026 vel»
1348 2973 1350 2982 '

165 3062 278 3126 habere
303 3065 515 3147 pretendentes
535 3070 634 3152 uocati
657 3089 718 3128 non
738 3066 856 3128 luerint
869 3086 905 3126 ac
927 3063 1031 3134 auditi,
1052 3064 1205 3144 premissis
1221 3084 1285 3129 nou

167 3170 383 3236 consenserint,
409 3169 448 3229 de
469 3169 671 3260 subreptionis
692 3169 741 3234 vel
763 3168 949 3252 obreptionis
971 3175 1023 3228 sut
1042 3166 1192 3226 nullitatie
1207 3169 1294 3263 uitia¹
1370 3255 1371 3258 Ἴ
1397 3237 1401 3246 ,

166 3289 222 3330 eeu
242 3271 416 3332 intentionis
438 3273 548 3335 Nostra
570 3275 619 3334 vel
642 3274 750 3353 quovis
772 3269 1043 3350 aliosubetantiuli
1072 3277 1103 3330 et
1129 3269 1283 3350 inexcogi-

166 3373 365 3452 tatondelectu
385 3376 497 3450 notari,
514 3377 694 3454 impugnari,
710 3375 872 3438 invalidari
888 3383 940 3434 aut
952 3365 1095 3434 adversus
1108 3371 1175 3432 illae
1189 3371 1287 3453 quod·
1311 3355 1316 3374 ⁶

166 3479 296 3555 cumque'
316 3476 394 3555 juris
415 3478 548 3538 vallasti
570 3489 622 3538 aut
636 3479 730 3558 gretie
751 3477 917 3540 remedium
936 3473 1091 3556 impetrari
1106 3493 1205 3554 posse,
1228 3495 1285 3544 nac

164 3598 214 3639 ess
237 3579 293 3638 sub
309 3579 471 3658 quibusvis
494 3581 737 3659 derogationibus
760 3591 813 3644 eut
835 3579 901 3652 aliia
931 3578 1092 3640 contrariis
1113 3577 1314 3660 dispositis-'¹
1375 3595 1380 3600 ·
1410 3623 1411 3631 ,

164 3679 254 3739 nibus
270 3681 494 3761 comprehendi,
518 3685 571 3744 esd
593 3685 712 3747 abillis
734 3705 852 3764 semper
866 3681 977 3762 excipi,
999 3679 1177 3759 validaeque
1197 3689 1228 3742 et
1243 3680 1286 3745 el-
1331 3689 1335 3698 “

164 3781 270 3842 ficecee
294 3804 358 3844 esse
381 3795 411 3844 st
432 3787 497 3846 lore
523 3807 656 3867 suosque
675 3788 828 3868 plenarios
859 3795 890 3844 et
908 3784 1042 3863 integros
1072 3781 1196 3862 effectus
1222 3803 1287 3844 sor·

165 3863 271 3944 tiri'et
292 3885 438 3964 obtinere,
470 3891 555 3968 siquo
577 3891 614 3962 ab
641 3889 779 3952 omnibus
802 3885 956 3958 observari
984 3895 1013 3944 st
1040 3885 1083 3944 ita
1111 3905 1168 3964 per
1197 3879 1286 3964 quos-

164 3989 292 4067 cumque
313 3989 432 4051 Judicee
454 3993 633 4054 Ordinarioe
654 3993 706 4052 vel
727 3991 877 4069 delegatos
899 3987 1004 4069 quavis
1019 3986 1197 4048 auctoritate
1218 3989 1286 4048 lun-

164 4101 266 4168 gentes
289 4092 406 4153 sublata
429 4095 471 4154 eie
494 4096 627 4174 qualibet
648 4093 735 4156 aliter
758 4083 914 4174 judicandi
942 4101 972 4152 et
992 4091 1213 4171 interpretandi
1240 4093 1286 4154 ia·

164 4193 277 4254 cultate
296 4192 427 4274 judicari
445 4207 475 4257 et
497 4197 614 4258 deliniri
635 4197 743 4258 debere
764 4187 913 4256 votubm'
926 4195 1015 4270 atque
1037 4195 1233 4268 mandemus,
1256 4205 1286 4256 et

164 4293 190 4354 si
212 4315 299 4356 secue
320 4317 412 4380 super
437 4296 485 4358 his
513 4283 712 4382 equaquam
732 4297 846 4382 quavis
874 4295 1051 4358 auctoritate
1076 4291 1204 4358 ementes
1234 4297 1286 4360 vel

163 4397 345 4488 ignoranter
367 4393 527 4482 contigerit
562 4406 722 4482 attentari,
757 4392 877 4466 irritum
910 4407 942 4463 et
966 4398 1055 4460 inane
1088 4398 1287 4476 decernimus>
1325 4411 1330 4427 ⁸
