<?xml version="1.0" encoding="UTF-8"?>
<!DOCTYPE html PUBLIC "-//W3C//DTD XHTML 1.0 Transitional//EN"
    "http://www.w3.org/TR/xhtml1/DTD/xhtml1-transitional.dtd">
<html xmlns="http://www.w3.org/1999/xhtml" xml:lang="en" lang="en">
 <head>
  <title>
</title>
<meta http-equiv="Content-Type" content="text/html;charset=utf-8" />
  <meta name='ocr-system' content='tesseract 3.04.00' />
  <meta name='ocr-capabilities' content='ocr_page ocr_carea ocr_par ocr_line ocrx_word'/>
</head>
<body>
  <div class='ocr_page' id='page_1' title='image "./vollstndigesamm00mngoog_0320.png"; bbox 0 0 2970 4942; ppageno 0'>
   <div class='ocr_carea' id='block_1_1' title="bbox 195 333 1322 583">
    <p class='ocr_par' dir='ltr' id='par_1_1' title="bbox 195 333 1322 583">
     <span class='ocr_line' id='line_1_1' title="bbox 195 333 283 402; baseline -0.091 0"><span class='ocrx_word' id='word_1_1' title='bbox 195 333 261 402; x_wconf 68' lang='lat'><strong>302</strong></span> <span class='ocrx_word' id='word_1_2' title='bbox 280 382 283 394; x_wconf 91' lang='lat'><strong>.</strong></span> 
     </span>
     <span class='ocr_line' id='line_1_2' title="bbox 197 485 1322 583; baseline -0.01 -18"><span class='ocrx_word' id='word_1_3' title='bbox 197 502 381 583; x_wconf 75' lang='lat' dir='ltr'><strong>indigenam,</strong></span> <span class='ocrx_word' id='word_1_4' title='bbox 402 507 434 559; x_wconf 82' lang='lat' dir='ltr'><strong>st</strong></span> <span class='ocrx_word' id='word_1_5' title='bbox 452 493 648 578; x_wconf 63' lang='lat' dir='ltr'><strong>qualitatihus</strong></span> <span class='ocrx_word' id='word_1_6' title='bbox 669 515 685 556; x_wconf 85' lang='lat' dir='ltr'><strong>a</strong></span> <span class='ocrx_word' id='word_1_7' title='bbox 710 495 811 574; x_wconf 59' lang='lat' dir='ltr'><strong>sacris</strong></span> <span class='ocrx_word' id='word_1_8' title='bbox 831 491 1000 558; x_wconf 73' lang='lat' dir='ltr'><strong>camnun</strong></span> <span class='ocrx_word' id='word_1_9' title='bbox 1020 485 1170 576; x_wconf 83' lang='lat' dir='ltr'><strong>requisitis</strong></span> <span class='ocrx_word' id='word_1_10' title='bbox 1190 491 1322 575; x_wconf 82' lang='lat' dir='ltr'><strong>praediti</strong></span> 
     </span>
    </p>
   </div>
   <div class='ocr_carea' id='block_1_2' title="bbox 199 595 1475 684">
    <p class='ocr_par' dir='ltr' id='par_1_2' title="bbox 199 595 1475 684">
     <span class='ocr_line' id='line_1_3' title="bbox 199 595 1475 684; baseline -0.012 -16"><span class='ocrx_word' id='word_1_11' title='bbox 199 607 273 684; x_wconf 74' lang='lat' dir='ltr'><strong>siut,</strong></span> <span class='ocrx_word' id='word_1_12' title='bbox 289 603 419 682; x_wconf 75' lang='lat' dir='ltr'><strong>triginta</strong></span> <span class='ocrx_word' id='word_1_13' title='bbox 432 601 536 661; x_wconf 77' lang='lat' dir='ltr'><strong>nicom</strong></span> <span class='ocrx_word' id='word_1_14' title='bbox 558 613 704 664; x_wconf 84' lang='lat' dir='ltr'><strong>annorum</strong></span> <span class='ocrx_word' id='word_1_15' title='bbox 725 609 851 661; x_wconf 87' lang='lat' dir='ltr'><strong>aetatem</strong></span> <span class='ocrx_word' id='word_1_16' title='bbox 879 597 1022 677; x_wconf 89' lang='lat' dir='ltr'><strong>babeant,</strong></span> <span class='ocrx_word' id='word_1_17' title='bbox 1052 605 1082 660; x_wconf 83' lang='lat' dir='ltr'><strong>et</strong></span> <span class='ocrx_word' id='word_1_18' title='bbox 1101 595 1132 658; x_wconf 90' lang='lat' dir='ltr'><strong>in</strong></span> <span class='ocrx_word' id='word_1_19' title='bbox 1154 597 1323 677; x_wconf 85' lang='lat' dir='ltr'><strong>Presbyte·</strong></span> <span class='ocrx_word' id='word_1_20' title='bbox 1347 667 1349 672; x_wconf 23' lang='grc' dir='ltr'>Ι</span> <span class='ocrx_word' id='word_1_21' title='bbox 1375 649 1387 664; x_wconf 88' lang='grc'><em>,</em></span> <span class='ocrx_word' id='word_1_22' title='bbox 1474 643 1475 652; x_wconf 68' lang='grc'>,</span> 
     </span>
    </p>
   </div>
   <div class='ocr_carea' id='block_1_3' title="bbox 95 697 1418 1606">
    <p class='ocr_par' dir='ltr' id='par_1_3' title="bbox 119 697 1322 988">
     <span class='ocr_line' id='line_1_4' title="bbox 122 697 1322 782; baseline -0.011 -11"><span class='ocrx_word' id='word_1_23' title='bbox 122 723 129 736; x_wconf 81' lang='lat'><em>&#39;</em></span> <span class='ocrx_word' id='word_1_24' title='bbox 198 721 282 771; x_wconf 88' lang='lat' dir='ltr'><strong>ratus</strong></span> <span class='ocrx_word' id='word_1_25' title='bbox 306 697 422 766; x_wconf 81' lang='lat' dir='ltr'><strong>Ordine</strong></span> <span class='ocrx_word' id='word_1_26' title='bbox 442 701 504 762; x_wconf 84' lang='lat' dir='ltr'><strong>sint</strong></span> <span class='ocrx_word' id='word_1_27' title='bbox 528 701 702 779; x_wconf 84' lang='lat' dir='ltr'><strong>constituti,</strong></span> <span class='ocrx_word' id='word_1_28' title='bbox 731 703 842 782; x_wconf 83' lang='lat' dir='ltr'><strong>quique</strong></span> <span class='ocrx_word' id='word_1_29' title='bbox 862 701 893 762; x_wconf 93' lang='lat' dir='ltr'><strong>in</strong></span> <span class='ocrx_word' id='word_1_30' title='bbox 914 701 1079 764; x_wconf 80' lang='lat' dir='ltr'><strong>exercenda</strong></span> <span class='ocrx_word' id='word_1_31' title='bbox 1104 717 1176 761; x_wconf 86' lang='lat' dir='ltr'><strong>cura</strong></span> <span class='ocrx_word' id='word_1_32' title='bbox 1197 699 1322 760; x_wconf 75' lang='lat' dir='ltr'><strong>Anima-</strong></span> 
     </span>
     <span class='ocr_line' id='line_1_5' title="bbox 198 801 1322 886; baseline -0.007 -16"><span class='ocrx_word' id='word_1_33' title='bbox 198 828 284 885; x_wconf 87' lang='lat' dir='ltr'><strong>rum,</strong></span> <span class='ocrx_word' id='word_1_34' title='bbox 305 806 356 868; x_wconf 86' lang='lat' dir='ltr'><strong>vel</strong></span> <span class='ocrx_word' id='word_1_35' title='bbox 368 805 415 864; x_wconf 65' lang='lat' dir='ltr'><strong>‘ire</strong></span> <span class='ocrx_word' id='word_1_36' title='bbox 429 805 489 863; x_wconf 86' lang='lat' dir='ltr'><strong>alio</strong></span> <span class='ocrx_word' id='word_1_37' title='bbox 517 801 656 864; x_wconf 87' lang='lat' dir='ltr'><strong>obeundo</strong></span> <span class='ocrx_word' id='word_1_38' title='bbox 678 803 883 864; x_wconf 65' lang='lat' dir='ltr'><strong>Ecclesiastico</strong></span> <span class='ocrx_word' id='word_1_39' title='bbox 899 803 1075 882; x_wconf 73' lang='lat' dir='ltr'><strong>ministerio,</strong></span> <span class='ocrx_word' id='word_1_40' title='bbox 1097 803 1151 886; x_wconf 84' lang='lat' dir='ltr'><strong>sal</strong></span> <span class='ocrx_word' id='word_1_41' title='bbox 1167 801 1322 862; x_wconf 79' lang='lat' dir='ltr'><strong>Professo-</strong></span> 
     </span>
     <span class='ocr_line' id='line_1_6' title="bbox 119 903 1319 988; baseline -0.008 -14"><span class='ocrx_word' id='word_1_42' title='bbox 119 923 125 930; x_wconf 83' lang='grc'><strong>”</strong></span> <span class='ocrx_word' id='word_1_43' title='bbox 196 911 241 974; x_wconf 82' lang='lat' dir='ltr'><strong>ris</strong></span> <span class='ocrx_word' id='word_1_44' title='bbox 260 925 385 972; x_wconf 82' lang='lat' dir='ltr'><strong>munere</strong></span> <span class='ocrx_word' id='word_1_45' title='bbox 404 907 437 967; x_wconf 87' lang='lat' dir='ltr'><strong>in</strong></span> <span class='ocrx_word' id='word_1_46' title='bbox 456 906 622 968; x_wconf 69' lang='lat' dir='ltr'><strong>seminario</strong></span> <span class='ocrx_word' id='word_1_47' title='bbox 643 907 816 988; x_wconf 81' lang='lat' dir='ltr'><strong>Episcopali</strong></span> <span class='ocrx_word' id='word_1_48' title='bbox 837 907 1014 988; x_wconf 86' lang='lat' dir='ltr'><strong>conspicuos</strong></span> <span class='ocrx_word' id='word_1_49' title='bbox 1031 915 1100 968; x_wconf 85' lang='lat' dir='ltr'><strong>&#39;sesa</strong></span> <span class='ocrx_word' id='word_1_50' title='bbox 1121 903 1319 986; x_wconf 81' lang='lat' dir='ltr'><strong>reddiderint.</strong></span> 
     </span>
    </p>

    <p class='ocr_par' dir='ltr' id='par_1_4' title="bbox 95 1007 1418 1606">
     <span class='ocr_line' id='line_1_7' title="bbox 285 1007 1324 1088; baseline -0.005 -17"><span class='ocrx_word' id='word_1_51' title='bbox 285 1011 538 1088; x_wconf 81' lang='lat' dir='ltr'><strong>Quotiescumque</strong></span> <span class='ocrx_word' id='word_1_52' title='bbox 558 1027 631 1070; x_wconf 85' lang='lat' dir='ltr'><strong>vero</strong></span> <span class='ocrx_word' id='word_1_53' title='bbox 653 1010 831 1086; x_wconf 80' lang='lat' dir='ltr'><strong>Decanatus,</strong></span> <span class='ocrx_word' id='word_1_54' title='bbox 854 1013 906 1070; x_wconf 89' lang='lat' dir='ltr'><strong>aul</strong></span> <span class='ocrx_word' id='word_1_55' title='bbox 927 1010 1141 1084; x_wconf 73' lang='lat' dir='ltr'><strong>canonicatus,</strong></span> <span class='ocrx_word' id='word_1_56' title='bbox 1161 1008 1211 1070; x_wconf 82' lang='lat' dir='ltr'><strong>vel</strong></span> <span class='ocrx_word' id='word_1_57' title='bbox 1232 1007 1324 1080; x_wconf 77' lang='lat' dir='ltr'><strong>Vica-</strong></span> 
     </span>
     <span class='ocr_line' id='line_1_8' title="bbox 198 1105 1322 1194; baseline -0.008 -15"><span class='ocrx_word' id='word_1_58' title='bbox 198 1119 292 1180; x_wconf 82' lang='lat' dir='ltr'><strong>riulus</strong></span> <span class='ocrx_word' id='word_1_59' title='bbox 312 1115 345 1176; x_wconf 88' lang='lat' dir='ltr'><strong>in</strong></span> <span class='ocrx_word' id='word_1_60' title='bbox 365 1111 595 1176; x_wconf 81' lang='lat' dir='ltr'><strong>Guthudralibus</strong></span> <span class='ocrx_word' id='word_1_61' title='bbox 613 1112 784 1189; x_wconf 75' lang='lat' dir='ltr'><strong>vacaverit,</strong></span> <span class='ocrx_word' id='word_1_62' title='bbox 820 1105 1003 1194; x_wconf 70' lang='lat' dir='ltr'><strong>Episcopus,</strong></span> <span class='ocrx_word' id='word_1_63' title='bbox 1034 1123 1064 1173; x_wconf 85' lang='lat' dir='ltr'><strong>et</strong></span> <span class='ocrx_word' id='word_1_64' title='bbox 1086 1109 1256 1193; x_wconf 75' lang='lat' dir='ltr'><strong>Capitulum</strong></span> <span class='ocrx_word' id='word_1_65' title='bbox 1277 1109 1322 1170; x_wconf 81' lang='lat' dir='ltr'><strong>al·</strong></span> 
     </span>
     <span class='ocr_line' id='line_1_9' title="bbox 194 1203 1323 1294; baseline -0.011 -10"><span class='ocrx_word' id='word_1_66' title='bbox 194 1221 293 1284; x_wconf 66' lang='lat' dir='ltr'><strong>&#39;urnis</strong></span> <span class='ocrx_word' id='word_1_67' title='bbox 311 1219 429 1279; x_wconf 78' lang='lat' dir='ltr'><strong>visibus</strong></span> <span class='ocrx_word' id='word_1_68' title='bbox 445 1215 533 1276; x_wconf 49' lang='lat' dir='ltr'><strong>*inus</strong></span> <span class='ocrx_word' id='word_1_69' title='bbox 553 1235 605 1275; x_wconf 82' lang='lat' dir='ltr'><strong>sex</strong></span> <span class='ocrx_word' id='word_1_70' title='bbox 626 1213 828 1277; x_wconf 75' lang='lat' dir='ltr'><strong>hebdomadas</strong></span> <span class='ocrx_word' id='word_1_71' title='bbox 848 1237 866 1274; x_wconf 86' lang='lat' dir='ltr'><strong>a</strong></span> <span class='ocrx_word' id='word_1_72' title='bbox 895 1215 944 1276; x_wconf 87' lang='lat' dir='ltr'><strong>die</strong></span> <span class='ocrx_word' id='word_1_73' title='bbox 964 1215 1129 1276; x_wconf 75' lang='lat' dir='ltr'><strong>vacationis</strong></span> <span class='ocrx_word' id='word_1_74' title='bbox 1150 1203 1323 1294; x_wconf 81' lang='lat' dir='ltr'><strong>proponent</strong></span> 
     </span>
     <span class='ocr_line' id='line_1_10' title="bbox 95 1291 1322 1408; baseline -0.006 -25"><span class='ocrx_word' id='word_1_75' title='bbox 95 1337 96 1342; x_wconf 76' lang='grc'>’</span> <span class='ocrx_word' id='word_1_76' title='bbox 121 1291 151 1362; x_wconf 51' lang='lat'><strong>⁸·</strong></span> <span class='ocrx_word' id='word_1_77' title='bbox 199 1331 333 1408; x_wconf 24' lang='lat' dir='ltr'><strong>quatuor.</strong></span> <span class='ocrx_word' id='word_1_78' title='bbox 351 1317 532 1381; x_wconf 86' lang='lat' dir='ltr'><strong>Candidatus</strong></span> <span class='ocrx_word' id='word_1_79' title='bbox 556 1319 808 1400; x_wconf 83' lang='lat' dir='ltr'><strong>supraenuntiatis</strong></span> <span class='ocrx_word' id='word_1_80' title='bbox 829 1319 982 1400; x_wconf 87' lang='lat' dir='ltr'><strong>praeditos</strong></span> <span class='ocrx_word' id='word_1_81' title='bbox 1004 1316 1206 1398; x_wconf 90' lang='lat' dir='ltr'><strong>qualitatibus.</strong></span> <span class='ocrx_word' id='word_1_82' title='bbox 1229 1313 1322 1390; x_wconf 87' lang='lat' dir='ltr'><strong>Quod</strong></span> 
     </span>
     <span class='ocr_line' id='line_1_11' title="bbox 199 1421 1400 1502; baseline -0.006 -19"><span class='ocrx_word' id='word_1_83' title='bbox 199 1424 325 1483; x_wconf 71' lang='lat' dir='ltr'><strong>sileris</strong></span> <span class='ocrx_word' id='word_1_84' title='bbox 346 1423 452 1502; x_wconf 85' lang='lat' dir='ltr'><strong>aliquis</strong></span> <span class='ocrx_word' id='word_1_85' title='bbox 474 1441 512 1482; x_wconf 87' lang='lat' dir='ltr'><strong>ex</strong></span> <span class='ocrx_word' id='word_1_86' title='bbox 533 1421 603 1502; x_wconf 90' lang='lat' dir='ltr'><strong>ipsis</strong></span> <span class='ocrx_word' id='word_1_87' title='bbox 627 1423 797 1481; x_wconf 80' lang='lat' dir='ltr'><strong>candidatis</strong></span> <span class='ocrx_word' id='word_1_88' title='bbox 823 1421 1117 1496; x_wconf 80' lang='lat' dir='ltr'><strong>Gube1·nioinvisui,</strong></span> <span class='ocrx_word' id='word_1_89' title='bbox 1145 1429 1197 1478; x_wconf 86' lang='lat' dir='ltr'><strong>aut</strong></span> <span class='ocrx_word' id='word_1_90' title='bbox 1218 1437 1322 1498; x_wconf 87' lang='lat' dir='ltr'><strong>susps.</strong></span> <span class='ocrx_word' id='word_1_91' title='bbox 1397 1449 1400 1452; x_wconf 96' lang='lat'>·</span> 
     </span>
     <span class='ocr_line' id='line_1_12' title="bbox 201 1513 1418 1606; baseline -0.005 -20"><span class='ocrx_word' id='word_1_92' title='bbox 201 1535 268 1586; x_wconf 87' lang='lat' dir='ltr'><strong>ctus</strong></span> <span class='ocrx_word' id='word_1_93' title='bbox 291 1526 340 1601; x_wconf 86' lang='lat' dir='ltr'><strong>sit,</strong></span> <span class='ocrx_word' id='word_1_94' title='bbox 361 1524 393 1584; x_wconf 91' lang='lat' dir='ltr'><strong>id</strong></span> <span class='ocrx_word' id='word_1_95' title='bbox 416 1526 638 1604; x_wconf 84' lang='lat' dir='ltr'><strong>quamprimum</strong></span> <span class='ocrx_word' id='word_1_96' title='bbox 659 1523 1013 1606; x_wconf 80' lang='lat' dir='ltr'><strong>Episcopurespective,</strong></span> <span class='ocrx_word' id='word_1_97' title='bbox 1035 1531 1087 1582; x_wconf 85' lang='lat' dir='ltr'><strong>aut</strong></span> <span class='ocrx_word' id='word_1_98' title='bbox 1109 1521 1249 1602; x_wconf 81' lang='lat' dir='ltr'><strong>Capitale</strong></span> <span class='ocrx_word' id='word_1_99' title='bbox 1270 1519 1348 1580; x_wconf 88' lang='lat' dir='ltr'><strong>in-&#39;</strong></span> <span class='ocrx_word' id='word_1_100' title='bbox 1401 1513 1418 1520; x_wconf 76' lang='grc'><em>“</em></span> 
     </span>
    </p>
   </div>
   <div class='ocr_carea' id='block_1_4' title="bbox 67 1623 1322 1708">
    <p class='ocr_par' dir='ltr' id='par_1_5' title="bbox 67 1623 1322 1708">
     <span class='ocr_line' id='line_1_13' title="bbox 67 1623 1322 1708; baseline -0.009 -16"><span class='ocrx_word' id='word_1_101' title='bbox 67 1633 79 1664; x_wconf 67' lang='lat' dir='ltr'><strong>r</strong></span> <span class='ocrx_word' id='word_1_102' title='bbox 110 1665 115 1672; x_wconf 87' lang='lat'><em>·</em></span> <span class='ocrx_word' id='word_1_103' title='bbox 185 1628 296 1708; x_wconf 39' lang='lat' dir='ltr'><strong>,dicari</strong></span> <span class='ocrx_word' id='word_1_104' title='bbox 317 1629 447 1708; x_wconf 82' lang='lat' dir='ltr'><strong>poterit,</strong></span> <span class='ocrx_word' id='word_1_105' title='bbox 469 1637 504 1686; x_wconf 89' lang='lat' dir='ltr'><strong>ut</strong></span> <span class='ocrx_word' id='word_1_106' title='bbox 525 1637 729 1706; x_wconf 77' lang='lat' dir='ltr'><strong>expungatur:</strong></span> <span class='ocrx_word' id='word_1_107' title='bbox 751 1637 837 1686; x_wconf 81' lang='lat' dir='ltr'><strong>tunc</strong></span> <span class='ocrx_word' id='word_1_108' title='bbox 859 1635 956 1687; x_wconf 87' lang='lat' dir='ltr'><strong>autem</strong></span> <span class='ocrx_word' id='word_1_109' title='bbox 978 1625 1145 1706; x_wconf 83' lang='lat' dir='ltr'><strong>Episcopus</strong></span> <span class='ocrx_word' id='word_1_110' title='bbox 1170 1625 1208 1684; x_wconf 88' lang='lat' dir='ltr'><strong>ad</strong></span> <span class='ocrx_word' id='word_1_111' title='bbox 1229 1623 1322 1684; x_wconf 86' lang='lat' dir='ltr'><strong>colla-</strong></span> 
     </span>
    </p>
   </div>
   <div class='ocr_carea' id='block_1_5' title="bbox 106 1725 1435 2528">
    <p class='ocr_par' dir='ltr' id='par_1_6' title="bbox 106 1725 1327 2118">
     <span class='ocr_line' id='line_1_14' title="bbox 147 1725 1327 1808; baseline -0.005 -17"><span class='ocrx_word' id='word_1_112' title='bbox 147 1765 149 1772; x_wconf 86' lang='lat'><em>·</em></span> <span class='ocrx_word' id='word_1_113' title='bbox 201 1731 314 1790; x_wconf 86' lang='lat' dir='ltr'><strong>tionem</strong></span> <span class='ocrx_word' id='word_1_114' title='bbox 335 1729 518 1804; x_wconf 80' lang='lat' dir='ltr'><strong>Damnatus,</strong></span> <span class='ocrx_word' id='word_1_115' title='bbox 547 1729 764 1808; x_wconf 75' lang='lat' dir='ltr'><strong>canonicatus,</strong></span> <span class='ocrx_word' id='word_1_116' title='bbox 793 1727 1051 1806; x_wconf 85' lang='lat' dir='ltr'><strong>autVicariatua,</strong></span> <span class='ocrx_word' id='word_1_117' title='bbox 1084 1727 1134 1790; x_wconf 89' lang='lat' dir='ltr'><strong>vel</strong></span> <span class='ocrx_word' id='word_1_118' title='bbox 1154 1725 1327 1807; x_wconf 82' lang='lat' dir='ltr'><strong>respectiva</strong></span> 
     </span>
     <span class='ocr_line' id='line_1_15' title="bbox 202 1829 1322 1912; baseline -0.003 -21"><span class='ocrx_word' id='word_1_119' title='bbox 202 1833 472 1912; x_wconf 83' lang='lat' dir='ltr'><strong>Capitulumintrs</strong></span> <span class='ocrx_word' id='word_1_120' title='bbox 494 1834 624 1910; x_wconf 82' lang='lat' dir='ltr'><strong>quatuor</strong></span> <span class='ocrx_word' id='word_1_121' title='bbox 644 1829 845 1892; x_wconf 74' lang='lat' dir='ltr'><strong>hebdomadas</strong></span> <span class='ocrx_word' id='word_1_122' title='bbox 866 1829 1011 1912; x_wconf 88' lang='lat' dir='ltr'><strong>procedet</strong></span> <span class='ocrx_word' id='word_1_123' title='bbox 1032 1831 1068 1890; x_wconf 86' lang='lat' dir='ltr'><strong>sd</strong></span> <span class='ocrx_word' id='word_1_124' title='bbox 1091 1829 1322 1890; x_wconf 84' lang='lat' dir='ltr'><strong>nominationem</strong></span> 
     </span>
     <span class='ocr_line' id='line_1_16' title="bbox 201 1929 1323 2016; baseline -0.003 -22"><span class='ocrx_word' id='word_1_125' title='bbox 201 1933 292 1994; x_wconf 81' lang='lat' dir='ltr'><strong>unius</strong></span> <span class='ocrx_word' id='word_1_126' title='bbox 313 1953 352 1993; x_wconf 83' lang='lat' dir='ltr'><strong>ex</strong></span> <span class='ocrx_word' id='word_1_127' title='bbox 372 1933 508 1994; x_wconf 85' lang='lat' dir='ltr'><strong>Personis</strong></span> <span class='ocrx_word' id='word_1_128' title='bbox 535 1933 688 1994; x_wconf 86' lang='lat' dir='ltr'><strong>Gubernio</strong></span> <span class='ocrx_word' id='word_1_129' title='bbox 708 1953 770 1994; x_wconf 88' lang='lat' dir='ltr'><strong>non</strong></span> <span class='ocrx_word' id='word_1_130' title='bbox 789 1933 905 2014; x_wconf 82' lang='lat' dir='ltr'><strong>invisis,</strong></span> <span class='ocrx_word' id='word_1_131' title='bbox 928 1953 984 1994; x_wconf 87' lang='lat' dir='ltr'><strong>uec</strong></span> <span class='ocrx_word' id='word_1_132' title='bbox 1003 1933 1160 2016; x_wconf 83' lang='lat' dir='ltr'><strong>suspectis,</strong></span> <span class='ocrx_word' id='word_1_133' title='bbox 1177 1929 1228 1992; x_wconf 90' lang='lat' dir='ltr'><strong>cui</strong></span> <span class='ocrx_word' id='word_1_134' title='bbox 1248 1929 1323 2012; x_wconf 88' lang='lat' dir='ltr'><strong>Epi·</strong></span> 
     </span>
     <span class='ocr_line' id='line_1_17' title="bbox 106 2021 1083 2118; baseline 0 -22"><span class='ocrx_word' id='word_1_135' title='bbox 106 2069 108 2074; x_wconf 95' lang='lat'>·</span> <span class='ocrx_word' id='word_1_136' title='bbox 157 2110 163 2118; x_wconf 93' lang='lat'><em>.</em></span> <span class='ocrx_word' id='word_1_137' title='bbox 202 2055 313 2116; x_wconf 85' lang='lat' dir='ltr'><strong>scopus</strong></span> <span class='ocrx_word' id='word_1_138' title='bbox 335 2021 610 2106; x_wconf 40' lang='lat' dir='ltr'><strong>canonieam‘dabit</strong></span> <span class='ocrx_word' id='word_1_139' title='bbox 632 2037 858 2100; x_wconf 80' lang='lat' dir='ltr'><strong>institutionem.</strong></span> <span class='ocrx_word' id='word_1_140' title='bbox 958 2094 965 2102; x_wconf 79' lang='grc'>,</span> <span class='ocrx_word' id='word_1_141' title='bbox 1077 2044 1083 2056; x_wconf 93' lang='grc'><strong><em>’</em></strong></span> 
     </span>
    </p>

    <p class='ocr_par' dir='ltr' id='par_1_7' title="bbox 146 2135 1435 2528">
     <span class='ocr_line' id='line_1_18' title="bbox 275 2135 1323 2222; baseline -0.002 -23"><span class='ocrx_word' id='word_1_142' title='bbox 275 2138 332 2210; x_wconf 76' lang='lat' dir='ltr'><strong>,td</strong></span> <span class='ocrx_word' id='word_1_143' title='bbox 354 2159 461 2198; x_wconf 87' lang='lat' dir='ltr'><strong>novam</strong></span> <span class='ocrx_word' id='word_1_144' title='bbox 484 2159 564 2198; x_wconf 90' lang='lat' dir='ltr'><strong>nune</strong></span> <span class='ocrx_word' id='word_1_145' title='bbox 585 2137 779 2222; x_wconf 82' lang='lat' dir='ltr'><strong>procedendo</strong></span> <span class='ocrx_word' id='word_1_146' title='bbox 804 2137 1113 2219; x_wconf 74' lang='lat' dir='ltr'><strong>circumscriptionem</strong></span> <span class='ocrx_word' id='word_1_147' title='bbox 1134 2135 1323 2197; x_wconf 83' lang='lat' dir='ltr'><strong>Dioecesiuur</strong></span> 
     </span>
     <span class='ocr_line' id='line_1_19' title="bbox 200 2239 1322 2324; baseline -0.005 -20"><span class='ocrx_word' id='word_1_148' title='bbox 200 2241 400 2324; x_wconf 82' lang='lat' dir='ltr'><strong>Episcopatus</strong></span> <span class='ocrx_word' id='word_1_149' title='bbox 422 2239 660 2318; x_wconf 87' lang='lat' dir='ltr'><strong>Hildesimensis,</strong></span> <span class='ocrx_word' id='word_1_150' title='bbox 694 2239 745 2322; x_wconf 89' lang='lat' dir='ltr'><strong>qui</strong></span> <span class='ocrx_word' id='word_1_151' title='bbox 773 2249 842 2300; x_wconf 90' lang='lat' dir='ltr'><strong>actu</strong></span> <span class='ocrx_word' id='word_1_152' title='bbox 869 2261 885 2298; x_wconf 90' lang='lat' dir='ltr'><strong>a</strong></span> <span class='ocrx_word' id='word_1_153' title='bbox 907 2239 1077 2300; x_wconf 82' lang='lat' dir='ltr'><strong>Venerabili</strong></span> <span class='ocrx_word' id='word_1_154' title='bbox 1098 2239 1201 2300; x_wconf 81' lang='lat' dir='ltr'><strong>Eratre</strong></span> <span class='ocrx_word' id='word_1_155' title='bbox 1223 2239 1322 2300; x_wconf 81' lang='lat' dir='ltr'><strong>Fran-</strong></span> 
     </span>
     <span class='ocr_line' id='line_1_20' title="bbox 146 2325 1321 2426; baseline 0.004 -28"><span class='ocrx_word' id='word_1_156' title='bbox 146 2393 155 2398; x_wconf 91' lang='lat'><strong>-</strong></span> <span class='ocrx_word' id='word_1_157' title='bbox 202 2347 282 2403; x_wconf 81' lang='lat' dir='ltr'><strong>risco</strong></span> <span class='ocrx_word' id='word_1_158' title='bbox 302 2347 409 2424; x_wconf 65' lang='grc' dir='ltr'><em>Εςοηι</em></span> <span class='ocrx_word' id='word_1_159' title='bbox 430 2365 450 2402; x_wconf 85' lang='grc' dir='ltr'><em>α</em></span> <span class='ocrx_word' id='word_1_160' title='bbox 471 2343 672 2424; x_wconf 79' lang='lat' dir='ltr'><strong>Fis‘ratenbcrg</strong></span> <span class='ocrx_word' id='word_1_161' title='bbox 693 2343 837 2426; x_wconf 83' lang='lat' dir='ltr'><strong>moderno</strong></span> <span class='ocrx_word' id='word_1_162' title='bbox 865 2341 928 2425; x_wconf 85' lang='lat' dir='ltr'><strong>ejus</strong></span> <span class='ocrx_word' id='word_1_163' title='bbox 956 2325 1107 2424; x_wconf 72' lang='lat' dir='ltr'><strong>Episcopi&gt;</strong></span> <span class='ocrx_word' id='word_1_164' title='bbox 1130 2343 1321 2422; x_wconf 84' lang='lat' dir='ltr'><strong>gubernatur,</strong></span> 
     </span>
     <span class='ocr_line' id='line_1_21' title="bbox 202 2439 1435 2528; baseline 0.002 -20"><span class='ocrx_word' id='word_1_165' title='bbox 202 2457 231 2508; x_wconf 84' lang='lat' dir='ltr'><strong>et</strong></span> <span class='ocrx_word' id='word_1_166' title='bbox 252 2439 521 2525; x_wconf 79' lang='lat' dir='ltr'><strong>usnsuragsnsis·,‘</strong></span> <span class='ocrx_word' id='word_1_167' title='bbox 545 2450 596 2528; x_wconf 88' lang='lat' dir='ltr'><strong>qui</strong></span> <span class='ocrx_word' id='word_1_168' title='bbox 624 2467 678 2507; x_wconf 89' lang='lat' dir='ltr'><strong>suu</strong></span> <span class='ocrx_word' id='word_1_169' title='bbox 701 2469 717 2506; x_wconf 85' lang='lat' dir='ltr'><strong>a</strong></span> <span class='ocrx_word' id='word_1_170' title='bbox 739 2447 877 2528; x_wconf 86' lang='lat' dir='ltr'><strong>pluribus</strong></span> <span class='ocrx_word' id='word_1_171' title='bbox 906 2445 989 2504; x_wconf 89' lang='lat' dir='ltr'><strong>anuis</strong></span> <span class='ocrx_word' id='word_1_172' title='bbox 1019 2445 1141 2506; x_wconf 88' lang='lat' dir='ltr'><strong>orbatus</strong></span> <span class='ocrx_word' id='word_1_173' title='bbox 1163 2445 1323 2506; x_wconf 84' lang='lat' dir='ltr'><strong>Pastorss</strong></span> <span class='ocrx_word' id='word_1_174' title='bbox 1428 2444 1435 2510; x_wconf 53' lang='lat'><strong>¹.</strong></span> 
     </span>
    </p>
   </div>
   <div class='ocr_carea' id='block_1_6' title="bbox 70 2541 1323 2742">
    <p class='ocr_par' dir='ltr' id='par_1_8' title="bbox 70 2541 1323 2742">
     <span class='ocr_line' id='line_1_22' title="bbox 70 2541 1323 2631; baseline 0 -23"><span class='ocrx_word' id='word_1_175' title='bbox 70 2565 72 2576; x_wconf 63' lang='lat'><em>&#39;</em></span> <span class='ocrx_word' id='word_1_176' title='bbox 201 2557 458 2628; x_wconf 84' lang='lat' dir='ltr'><strong>supramemorato</strong></span> <span class='ocrx_word' id='word_1_177' title='bbox 483 2549 592 2609; x_wconf 81' lang='lat' dir='ltr'><strong>Carolo</strong></span> <span class='ocrx_word' id='word_1_178' title='bbox 611 2549 761 2631; x_wconf 86' lang='lat' dir='ltr'><strong>Episcopo</strong></span> <span class='ocrx_word' id='word_1_179' title='bbox 779 2541 903 2611; x_wconf 65' lang='lat' dir='ltr'><strong>⁴Parsirai</strong></span> <span class='ocrx_word' id='word_1_180' title='bbox 914 2561 943 2624; x_wconf 74' lang='lat'><strong>‚⁶</strong></span> <span class='ocrx_word' id='word_1_181' title='bbox 959 2569 994 2607; x_wconf 86' lang='lat' dir='ltr'><strong>ae</strong></span> <span class='ocrx_word' id='word_1_182' title='bbox 1016 2547 1148 2630; x_wconf 83' lang='lat' dir='ltr'><strong>ejusdem</strong></span> <span class='ocrx_word' id='word_1_183' title='bbox 1170 2545 1323 2608; x_wconf 68' lang='lat' dir='ltr'><strong>Ornabrm</strong></span> 
     </span>
     <span class='ocr_line' id='line_1_23' title="bbox 83 2649 1323 2742; baseline 0 -32"><span class='ocrx_word' id='word_1_184' title='bbox 83 2727 89 2742; x_wconf 30' lang='lat' dir='ltr'>x</span> <span class='ocrx_word' id='word_1_185' title='bbox 201 2651 299 2728; x_wconf 53' lang='lat'><strong>&amp;³⁸5⁸</strong></span> <span class='ocrx_word' id='word_1_186' title='bbox 330 2651 478 2712; x_wconf 79' lang='lat' dir='ltr'><strong>Ecclesiae</strong></span> <span class='ocrx_word' id='word_1_187' title='bbox 508 2652 698 2732; x_wconf 79' lang='lat' dir='ltr'><strong>Suffraganeo</strong></span> <span class='ocrx_word' id='word_1_188' title='bbox 732 2671 800 2713; x_wconf 91' lang='lat' dir='ltr'><strong>cum</strong></span> <span class='ocrx_word' id='word_1_189' title='bbox 822 2651 1005 2732; x_wconf 80' lang='lat' dir='ltr'><strong>Apostolicis</strong></span> <span class='ocrx_word' id='word_1_190' title='bbox 1033 2649 1091 2710; x_wconf 87' lang='lat' dir='ltr'><strong>sibi</strong></span> <span class='ocrx_word' id='word_1_191' title='bbox 1113 2649 1254 2729; x_wconf 88' lang='lat' dir='ltr'><strong>delegatis</strong></span> <span class='ocrx_word' id='word_1_192' title='bbox 1273 2649 1323 2710; x_wconf 84' lang='lat' dir='ltr'><strong>su-</strong></span> 
     </span>
    </p>
   </div>
   <div class='ocr_carea' id='block_1_7' title="bbox 201 2750 1352 3244">
    <p class='ocr_par' dir='ltr' id='par_1_9' title="bbox 201 2750 1352 3244">
     <span class='ocr_line' id='line_1_24' title="bbox 202 2750 1320 2836; baseline 0 -23"><span class='ocrx_word' id='word_1_193' title='bbox 202 2750 366 2814; x_wconf 77' lang='lat' dir='ltr'><strong>cultutibus</strong></span> <span class='ocrx_word' id='word_1_194' title='bbox 390 2753 629 2834; x_wconf 85' lang='lat' dir='ltr'><strong>administratur,</strong></span> <span class='ocrx_word' id='word_1_195' title='bbox 665 2755 787 2836; x_wconf 85' lang='lat' dir='ltr'><strong>praesia</strong></span> <span class='ocrx_word' id='word_1_196' title='bbox 815 2753 1090 2830; x_wconf 87' lang='lat' dir='ltr'><strong>dismembratione,</strong></span> <span class='ocrx_word' id='word_1_197' title='bbox 1125 2755 1320 2833; x_wconf 85' lang='lat' dir='ltr'><strong>separatione,</strong></span> 
     </span>
     <span class='ocr_line' id='line_1_25' title="bbox 202 2853 1323 2940; baseline 0.001 -28"><span class='ocrx_word' id='word_1_198' title='bbox 202 2872 239 2912; x_wconf 82' lang='lat' dir='ltr'><strong>aa</strong></span> <span class='ocrx_word' id='word_1_199' title='bbox 259 2853 467 2918; x_wconf 75' lang='lat' dir='ltr'><strong>immutatione</strong></span> <span class='ocrx_word' id='word_1_200' title='bbox 489 2875 505 2913; x_wconf 90' lang='lat' dir='ltr'><strong>a</strong></span> <span class='ocrx_word' id='word_1_201' title='bbox 528 2875 784 2940; x_wconf 87' lang='lat' dir='ltr'><strong>quorumcumque</strong></span> <span class='ocrx_word' id='word_1_202' title='bbox 802 2855 1119 2938; x_wconf 83' lang='lat' dir='ltr'><strong>Metropolitsnorum,</strong></span> <span class='ocrx_word' id='word_1_203' title='bbox 1153 2853 1323 2936; x_wconf 86' lang='lat' dir='ltr'><strong>Episcopo-</strong></span> 
     </span>
     <span class='ocr_line' id='line_1_26' title="bbox 202 2954 1323 3043; baseline 0.001 -27"><span class='ocrx_word' id='word_1_204' title='bbox 202 2973 288 3034; x_wconf 72' lang='grc' dir='ltr'><strong>ηω,</strong></span> <span class='ocrx_word' id='word_1_205' title='bbox 318 2975 371 3016; x_wconf 87' lang='lat' dir='ltr'><strong>ssu</strong></span> <span class='ocrx_word' id='word_1_206' title='bbox 393 2954 638 3036; x_wconf 79' lang='lat' dir='ltr'><strong>ordinariorum,</strong></span> <span class='ocrx_word' id='word_1_207' title='bbox 672 2981 707 3020; x_wconf 88' lang='lat' dir='ltr'><strong>so</strong></span> <span class='ocrx_word' id='word_1_208' title='bbox 728 2959 915 3021; x_wconf 88' lang='lat' dir='ltr'><strong>Vicariorum</strong></span> <span class='ocrx_word' id='word_1_209' title='bbox 937 2955 1180 3043; x_wconf 79' lang='lat' dir='ltr'><strong>Apostolicorum</strong></span> <span class='ocrx_word' id='word_1_210' title='bbox 1198 2955 1323 3039; x_wconf 75' lang='lat' dir='ltr'><strong>jurisdi&#39;·</strong></span> 
     </span>
     <span class='ocr_line' id='line_1_27' title="bbox 203 3051 1352 3146; baseline 0.003 -29"><span class='ocrx_word' id='word_1_211' title='bbox 203 3057 312 3135; x_wconf 83' lang='lat' dir='ltr'><strong>ctione,</strong></span> <span class='ocrx_word' id='word_1_212' title='bbox 334 3061 554 3140; x_wconf 64' lang='lat' dir='ltr'><strong>cumulositate,</strong></span> <span class='ocrx_word' id='word_1_213' title='bbox 573 3083 608 3122; x_wconf 89' lang='lat' dir='ltr'><strong>sc</strong></span> <span class='ocrx_word' id='word_1_214' title='bbox 628 3073 774 3142; x_wconf 85' lang='lat' dir='ltr'><strong>potestate</strong></span> <span class='ocrx_word' id='word_1_215' title='bbox 796 3051 949 3146; x_wconf 84' lang='lat' dir='ltr'><strong>amisium,</strong></span> <span class='ocrx_word' id='word_1_216' title='bbox 974 3071 1004 3122; x_wconf 88' lang='lat' dir='ltr'><strong>et</strong></span> <span class='ocrx_word' id='word_1_217' title='bbox 1026 3059 1210 3140; x_wconf 84' lang='lat' dir='ltr'><strong>singularum</strong></span> <span class='ocrx_word' id='word_1_218' title='bbox 1234 3057 1323 3120; x_wconf 81' lang='lat' dir='ltr'><strong>Cisi-</strong></span> <span class='ocrx_word' id='word_1_219' title='bbox 1348 3125 1352 3132; x_wconf 62' lang='grc'><em>,</em></span> 
     </span>
     <span class='ocr_line' id='line_1_28' title="bbox 201 3161 1324 3244; baseline 0.004 -25"><span class='ocrx_word' id='word_1_220' title='bbox 201 3169 306 3239; x_wconf 84' lang='lat' dir='ltr'><strong>tetum,</strong></span> <span class='ocrx_word' id='word_1_221' title='bbox 328 3161 504 3240; x_wconf 83' lang='lat' dir='ltr'><strong>Terrarum,</strong></span> <span class='ocrx_word' id='word_1_222' title='bbox 534 3185 573 3225; x_wconf 87' lang='lat' dir='ltr'><strong>ac</strong></span> <span class='ocrx_word' id='word_1_223' title='bbox 594 3165 800 3228; x_wconf 86' lang='lat' dir='ltr'><strong>Parseciarum</strong></span> <span class='ocrx_word' id='word_1_224' title='bbox 827 3165 907 3226; x_wconf 88' lang='lat' dir='ltr'><strong>intra</strong></span> <span class='ocrx_word' id='word_1_225' title='bbox 927 3163 1023 3244; x_wconf 85' lang='lat' dir='ltr'><strong>Regni</strong></span> <span class='ocrx_word' id='word_1_226' title='bbox 1044 3161 1265 3226; x_wconf 86' lang='lat' dir='ltr'><strong>Hannoverisui</strong></span> <span class='ocrx_word' id='word_1_227' title='bbox 1285 3161 1324 3223; x_wconf 78' lang='lat' dir='ltr'><strong>ti-</strong></span> 
     </span>
    </p>
   </div>
   <div class='ocr_carea' id='block_1_8' title="bbox 74 3263 1344 3348">
    <p class='ocr_par' dir='ltr' id='par_1_10' title="bbox 74 3263 1344 3348">
     <span class='ocr_line' id='line_1_29' title="bbox 74 3263 1344 3348; baseline 0.006 -26"><span class='ocrx_word' id='word_1_228' title='bbox 74 3311 76 3316; x_wconf 95' lang='lat'><em>.</em></span> <span class='ocrx_word' id='word_1_229' title='bbox 201 3264 297 3324; x_wconf 80' lang='lat' dir='ltr'><strong>mites.</strong></span> <span class='ocrx_word' id='word_1_230' title='bbox 318 3265 598 3345; x_wconf 86' lang='lat' dir='ltr'><strong>comprehensarum</strong></span> <span class='ocrx_word' id='word_1_231' title='bbox 627 3267 831 3346; x_wconf 85' lang='lat' dir='ltr'><strong>decernimus,</strong></span> <span class='ocrx_word' id='word_1_232' title='bbox 867 3275 961 3348; x_wconf 89' lang='lat' dir='ltr'><strong>prout</strong></span> <span class='ocrx_word' id='word_1_233' title='bbox 983 3287 999 3326; x_wconf 91' lang='lat' dir='ltr'><strong>a</strong></span> <span class='ocrx_word' id='word_1_234' title='bbox 1022 3269 1075 3329; x_wconf 83' lang='lat' dir='ltr'><strong>Pio</strong></span> <span class='ocrx_word' id='word_1_235' title='bbox 1100 3263 1344 3331; x_wconf 73' lang='lat' dir='ltr'><strong>Vltus-aeus·-</strong></span> 
     </span>
    </p>
   </div>
   <div class='ocr_carea' id='block_1_9' title="bbox 203 3361 1405 3452">
    <p class='ocr_par' dir='ltr' id='par_1_11' title="bbox 203 3361 1405 3452">
     <span class='ocr_line' id='line_1_30' title="bbox 203 3361 1405 3452; baseline -0.002 -26"><span class='ocrx_word' id='word_1_236' title='bbox 203 3385 320 3427; x_wconf 84' lang='lat' dir='ltr'><strong>usssore</strong></span> <span class='ocrx_word' id='word_1_237' title='bbox 340 3367 450 3429; x_wconf 83' lang='lat' dir='ltr'><strong>Nostro</strong></span> <span class='ocrx_word' id='word_1_238' title='bbox 479 3369 664 3449; x_wconf 85' lang='lat' dir='ltr'><strong>designatum</strong></span> <span class='ocrx_word' id='word_1_239' title='bbox 692 3373 805 3450; x_wconf 87' lang='lat' dir='ltr'><strong>luerat,</strong></span> <span class='ocrx_word' id='word_1_240' title='bbox 840 3381 876 3432; x_wconf 91' lang='lat' dir='ltr'><strong>ut</strong></span> <span class='ocrx_word' id='word_1_241' title='bbox 904 3373 1036 3450; x_wconf 78' lang='lat' dir='ltr'><strong>Regnum</strong></span> <span class='ocrx_word' id='word_1_242' title='bbox 1063 3371 1163 3452; x_wconf 88' lang='lat' dir='ltr'><strong>ipsum</strong></span> <span class='ocrx_word' id='word_1_243' title='bbox 1188 3369 1223 3429; x_wconf 89' lang='lat' dir='ltr'><strong>in</strong></span> <span class='ocrx_word' id='word_1_244' title='bbox 1250 3361 1324 3430; x_wconf 76' lang='lat' dir='ltr'><strong>dass</strong></span> <span class='ocrx_word' id='word_1_245' title='bbox 1402 3411 1405 3423; x_wconf 87' lang='lat'>.</span> 
     </span>
    </p>
   </div>
   <div class='ocr_carea' id='block_1_10' title="bbox 105 3467 1444 3558">
    <p class='ocr_par' dir='ltr' id='par_1_12' title="bbox 105 3467 1444 3558">
     <span class='ocr_line' id='line_1_31' title="bbox 105 3467 1444 3558; baseline 0.004 -30"><span class='ocrx_word' id='word_1_246' title='bbox 105 3541 110 3558; x_wconf 31' lang='grc' dir='ltr'><em>Ι</em></span> <span class='ocrx_word' id='word_1_247' title='bbox 202 3467 322 3528; x_wconf 87' lang='lat' dir='ltr'><strong>omnino</strong></span> <span class='ocrx_word' id='word_1_248' title='bbox 345 3467 499 3531; x_wconf 86' lang='lat' dir='ltr'><strong>Dioeccsss</strong></span> <span class='ocrx_word' id='word_1_249' title='bbox 521 3493 539 3532; x_wconf 85' lang='lat' dir='ltr'><strong>s</strong></span> <span class='ocrx_word' id='word_1_250' title='bbox 561 3491 653 3533; x_wconf 87' lang='lat' dir='ltr'><strong>cursu</strong></span> <span class='ocrx_word' id='word_1_251' title='bbox 672 3473 803 3535; x_wconf 88' lang='lat' dir='ltr'><strong>llnminis</strong></span> <span class='ocrx_word' id='word_1_252' title='bbox 825 3473 958 3554; x_wconf 88' lang='lat' dir='ltr'><strong>Visurgis</strong></span> <span class='ocrx_word' id='word_1_253' title='bbox 978 3473 1070 3553; x_wconf 84' lang='lat' dir='ltr'><strong>vulgo</strong></span> <span class='ocrx_word' id='word_1_254' title='bbox 1094 3507 1135 3520; x_wconf 89' lang='lat'>—</span> <span class='ocrx_word' id='word_1_255' title='bbox 1156 3471 1262 3533; x_wconf 86' lang='lat' dir='ltr'><strong>Weser</strong></span> <span class='ocrx_word' id='word_1_256' title='bbox 1282 3503 1321 3518; x_wconf 89' lang='lat'><em>-</em></span> <span class='ocrx_word' id='word_1_257' title='bbox 1442 3483 1444 3487; x_wconf 78' lang='grc'><strong>“</strong></span> 
     </span>
    </p>
   </div>
   <div class='ocr_carea' id='block_1_11' title="bbox 179 3565 1359 4379">
    <p class='ocr_par' dir='ltr' id='par_1_13' title="bbox 179 3565 1326 4066">
     <span class='ocr_line' id='line_1_32' title="bbox 179 3565 1325 3662; baseline 0.003 -32"><span class='ocrx_word' id='word_1_258' title='bbox 179 3634 183 3651; x_wconf 34' lang='lat'>1</span> <span class='ocrx_word' id='word_1_259' title='bbox 200 3573 366 3650; x_wconf 84' lang='lat' dir='ltr'><strong>nuncupati</strong></span> <span class='ocrx_word' id='word_1_260' title='bbox 386 3581 528 3652; x_wconf 85' lang='lat' dir='ltr'><strong>tanquam</strong></span> <span class='ocrx_word' id='word_1_261' title='bbox 548 3577 617 3662; x_wconf 78' lang='lat' dir='ltr'><strong>suis¹</strong></span> <span class='ocrx_word' id='word_1_262' title='bbox 630 3577 775 3638; x_wconf 89' lang='lat' dir='ltr'><strong>limitibus</strong></span> <span class='ocrx_word' id='word_1_263' title='bbox 797 3565 1128 3658; x_wconf 70' lang='lat' dir='ltr'><strong>separetssdividatur,</strong></span> <span class='ocrx_word' id='word_1_264' title='bbox 1150 3575 1192 3636; x_wconf 90' lang='lat' dir='ltr'><strong>ita</strong></span> <span class='ocrx_word' id='word_1_265' title='bbox 1213 3583 1248 3634; x_wconf 89' lang='lat' dir='ltr'><strong>ut</strong></span> <span class='ocrx_word' id='word_1_266' title='bbox 1269 3571 1325 3635; x_wconf 70' lang='lat' dir='ltr'><strong>Ps-</strong></span> 
     </span>
     <span class='ocr_line' id='line_1_33' title="bbox 200 3673 1324 3760; baseline 0.003 -25"><span class='ocrx_word' id='word_1_267' title='bbox 200 3675 316 3736; x_wconf 80' lang='lat' dir='ltr'><strong>raeciae</strong></span> <span class='ocrx_word' id='word_1_268' title='bbox 335 3673 373 3734; x_wconf 86' lang='lat' dir='ltr'><strong>sd</strong></span> <span class='ocrx_word' id='word_1_269' title='bbox 395 3675 549 3736; x_wconf 86' lang='lat' dir='ltr'><strong>dextersln</strong></span> <span class='ocrx_word' id='word_1_270' title='bbox 561 3677 702 3760; x_wconf 48' lang='lat' dir='ltr'><strong>’quadam</strong></span> <span class='ocrx_word' id='word_1_271' title='bbox 717 3679 862 3741; x_wconf 82' lang='lat' dir='ltr'><strong>Fluminis</strong></span> <span class='ocrx_word' id='word_1_272' title='bbox 883 3687 999 3760; x_wconf 88' lang='lat' dir='ltr'><strong>partem</strong></span> <span class='ocrx_word' id='word_1_273' title='bbox 1020 3681 1095 3740; x_wconf 81' lang='lat' dir='ltr'><strong>sitae</strong></span> <span class='ocrx_word' id='word_1_274' title='bbox 1107 3673 1241 3739; x_wconf 86' lang='lat' dir='ltr'><strong>Dioeeesi</strong></span> <span class='ocrx_word' id='word_1_275' title='bbox 1255 3673 1324 3738; x_wconf 88' lang='lat' dir='ltr'><strong>Hil-</strong></span> 
     </span>
     <span class='ocr_line' id='line_1_34' title="bbox 201 3773 1326 3864; baseline 0.005 -28"><span class='ocrx_word' id='word_1_276' title='bbox 201 3775 370 3851; x_wconf 87' lang='lat' dir='ltr'><strong>desimensi,</strong></span> <span class='ocrx_word' id='word_1_277' title='bbox 391 3775 549 3840; x_wconf 87' lang='lat' dir='ltr'><strong>Paraeeiae</strong></span> <span class='ocrx_word' id='word_1_278' title='bbox 569 3791 669 3842; x_wconf 86' lang='lat' dir='ltr'><strong>autem</strong></span> <span class='ocrx_word' id='word_1_279' title='bbox 691 3781 728 3843; x_wconf 87' lang='lat' dir='ltr'><strong>ad</strong></span> <span class='ocrx_word' id='word_1_280' title='bbox 750 3783 900 3843; x_wconf 84' lang='lat' dir='ltr'><strong>sinistram</strong></span> <span class='ocrx_word' id='word_1_281' title='bbox 923 3773 1055 3861; x_wconf 85' lang='lat' dir='ltr'><strong>Visurgis</strong></span> <span class='ocrx_word' id='word_1_282' title='bbox 1076 3779 1184 3864; x_wconf 78' lang='lat' dir='ltr'><strong>Ilipam</strong></span> <span class='ocrx_word' id='word_1_283' title='bbox 1209 3781 1326 3863; x_wconf 87' lang='lat' dir='ltr'><strong>positas</strong></span> 
     </span>
     <span class='ocr_line' id='line_1_35' title="bbox 201 3879 1325 3966; baseline 0.007 -28"><span class='ocrx_word' id='word_1_284' title='bbox 201 3879 336 3939; x_wconf 85' lang='lat' dir='ltr'><strong>lls&#39;oecesi</strong></span> <span class='ocrx_word' id='word_1_285' title='bbox 363 3879 586 3962; x_wconf 87' lang='lat' dir='ltr'><strong>Osuabrugensi</strong></span> <span class='ocrx_word' id='word_1_286' title='bbox 613 3884 779 3966; x_wconf 86' lang='lat' dir='ltr'><strong>respective</strong></span> <span class='ocrx_word' id='word_1_287' title='bbox 807 3885 1009 3966; x_wconf 80' lang='lat' dir='ltr'><strong>assignentur,</strong></span> <span class='ocrx_word' id='word_1_288' title='bbox 1057 3893 1150 3966; x_wconf 85' lang='lat' dir='ltr'><strong>prout</strong></span> <span class='ocrx_word' id='word_1_289' title='bbox 1176 3881 1325 3966; x_wconf 86' lang='lat' dir='ltr'><strong>sequitur,</strong></span> 
     </span>
     <span class='ocr_line' id='line_1_36' title="bbox 199 3982 1288 4066; baseline 0.003 -24"><span class='ocrx_word' id='word_1_290' title='bbox 199 3982 356 4042; x_wconf 78' lang='lat' dir='ltr'><strong>videlicut:</strong></span> <span class='ocrx_word' id='word_1_291' title='bbox 718 4047 731 4058; x_wconf 57' lang='grc'>,</span> <span class='ocrx_word' id='word_1_292' title='bbox 868 4055 872 4064; x_wconf 17' lang='grc' dir='ltr'>ἱ</span> <span class='ocrx_word' id='word_1_293' title='bbox 1016 4053 1021 4066; x_wconf 39' lang='grc' dir='ltr'>Ι</span> <span class='ocrx_word' id='word_1_294' title='bbox 1284 3983 1288 3992; x_wconf 83' lang='grc'><strong>’</strong></span> 
     </span>
    </p>

    <p class='ocr_par' dir='ltr' id='par_1_14' title="bbox 199 4068 1359 4379">
     <span class='ocr_line' id='line_1_37' title="bbox 277 4068 1359 4172; baseline 0.006 -27"><span class='ocrx_word' id='word_1_295' title='bbox 277 4087 426 4148; x_wconf 84' lang='lat' dir='ltr'><strong>llioecesis</strong></span> <span class='ocrx_word' id='word_1_296' title='bbox 447 4068 672 4148; x_wconf 80' lang='lat' dir='ltr'><strong>Hildesimeusis</strong></span> <span class='ocrx_word' id='word_1_297' title='bbox 693 4087 899 4150; x_wconf 81' lang='lat' dir='ltr'><strong>efformabitur</strong></span> <span class='ocrx_word' id='word_1_298' title='bbox 920 4111 937 4149; x_wconf 92' lang='lat' dir='ltr'><strong>a</strong></span> <span class='ocrx_word' id='word_1_299' title='bbox 959 4083 1152 4171; x_wconf 75' lang='lat' dir='ltr'><strong>sequentibus</strong></span> <span class='ocrx_word' id='word_1_300' title='bbox 1175 4077 1328 4172; x_wconf 63' lang='lat' dir='ltr'><strong>quinq&#39;ush</strong></span> <span class='ocrx_word' id='word_1_301' title='bbox 1346 4086 1359 4122; x_wconf 75' lang='lat'><strong>&#39;-</strong></span> 
     </span>
     <span class='ocr_line' id='line_1_38' title="bbox 199 4187 1328 4275; baseline 0.004 -25"><span class='ocrx_word' id='word_1_302' title='bbox 199 4189 286 4271; x_wconf 89' lang='lat' dir='ltr'><strong>ginla-</strong></span> <span class='ocrx_word' id='word_1_303' title='bbox 310 4192 445 4272; x_wconf 89' lang='lat' dir='ltr'><strong>quinque</strong></span> <span class='ocrx_word' id='word_1_304' title='bbox 473 4187 698 4254; x_wconf 82' lang='lat' dir='ltr'><strong>Parachialibus</strong></span> <span class='ocrx_word' id='word_1_305' title='bbox 719 4191 861 4254; x_wconf 86' lang='lat' dir='ltr'><strong>Ecclesiis</strong></span> <span class='ocrx_word' id='word_1_306' title='bbox 890 4191 930 4256; x_wconf 87' lang='lat' dir='ltr'><strong>ad</strong></span> <span class='ocrx_word' id='word_1_307' title='bbox 958 4193 1055 4275; x_wconf 87' lang='lat' dir='ltr'><strong>ipsam</strong></span> <span class='ocrx_word' id='word_1_308' title='bbox 1075 4191 1328 4254; x_wconf 82' lang='lat' dir='ltr'><strong>Hildesimeuseui</strong></span> 
     </span>
     <span class='ocr_line' id='line_1_39' title="bbox 200 4287 1328 4379; baseline 0.003 -25"><span class='ocrx_word' id='word_1_309' title='bbox 200 4295 366 4358; x_wconf 86' lang='lat' dir='ltr'><strong>lliocecsim</strong></span> <span class='ocrx_word' id='word_1_310' title='bbox 384 4293 448 4376; x_wconf 88' lang='lat' dir='ltr'><strong>jam</strong></span> <span class='ocrx_word' id='word_1_311' title='bbox 468 4293 704 4376; x_wconf 86' lang='lat' dir='ltr'><strong>pertinentibus,</strong></span> <span class='ocrx_word' id='word_1_312' title='bbox 741 4317 850 4379; x_wconf 85' lang='lat' dir='ltr'><strong>nempe</strong></span> <span class='ocrx_word' id='word_1_313' title='bbox 869 4329 913 4346; x_wconf 88' lang='lat'><strong>·-</strong></span> <span class='ocrx_word' id='word_1_314' title='bbox 932 4293 1064 4359; x_wconf 76' lang='lat' dir='ltr'><strong>Acutum</strong></span> <span class='ocrx_word' id='word_1_315' title='bbox 1084 4327 1128 4345; x_wconf 87' lang='lat'><strong>·-</strong></span> <span class='ocrx_word' id='word_1_316' title='bbox 1148 4287 1262 4360; x_wconf 74' lang='lat' dir='ltr'><strong>lulum</strong></span> <span class='ocrx_word' id='word_1_317' title='bbox 1282 4327 1328 4345; x_wconf 87' lang='lat'><strong>-·</strong></span> 
     </span>
    </p>
   </div>
   <div class='ocr_carea' id='block_1_12' title="bbox 0 0 1496 4942">
    <p class='ocr_par' dir='ltr' id='par_1_15' title="bbox 0 0 1496 4942">
     <span class='ocr_line' id='line_1_40' title="bbox 0 0 1496 4942; baseline 0 0"><span class='ocrx_word' id='word_1_318' title='bbox 0 0 1496 4942; x_wconf 95' lang='lat' dir='ltr'><strong> </strong></span> 
     </span>
    </p>
   </div>
  </div>
 </body>
</html>
