2958 4938
1211 357 1276 427 ‘ili

145 528 261 589 Veram
288 523 435 586 nonnulla
464 524 565 586 adbuc
586 523 775 586 mnoiliasttl'e
807 509 1073 602 desiderabantur,
1093 511 1221 604 'quibus'
1247 527 1278 586 in
1340 581 1343 596 ,

137 631 249 692 tason
282 637 417 706 tempora
442 628 489 687 ¹ale
518 627 696 688 Antistitum
722 625 897 707 praesertim
932 625 1079 688 electione
1108 635 1278 708 opportuni

138 753 204 814 =pro
226 733 364 790 locorum
391 731 509 790 ratione
536 739 616 790 esset
645 731 832 801 consultum,
868 729 1043 806 reintegra
1062 729 1095 788 iu
1117 730 1149 788 id
1171 717 1280 791 causae

145 841 284 916 perstent
304 831 496 910 Apostolicue
517 833 602 892 Sedis
622 833 709 912 jura,
734 841 769 892 et
791 831 905 907 omnia,
927 849 1035 910 ¹sperae¹
1049 831 1163 892 idcirco
1192 845 1279 892 esum

142 931 261 996 'ibidem
285 934 472 1014 peragenda,
512 939 678 994 communis
700 933 850 1017 opinionis
871 932 1046 993 testimonio
1069 935 1281 994 commenden-

132 1047 218 1098 'tun'
257 1035 379 1096 Nostrae
403 1037 435 1096 iu
460 1031 603 1120 taicum
623 1039 760 1118 impense
782 1035 965 1118 appulimus,
988 1037 1019 1096 id
1043 1037 1133 1098 unice
1153 1039 1185 1098 in
1208 1059 1281 1116 graa-

143 1139 273 1200 rissimo
295 1136 355 1197 hoo
380 1149 410 1200 et
431 1139 548 1200 difficili
563 1141 696 1220 *Negatio
715 1121 907 1224 'revolycntes
929 1136 1045 1216 Animo,
1067 1149 1103 1200 ut
1124 1161 1158 1200 ea
1181 1141 1279 1200 omnia
1308 1157 1311 1168 ¹

142 1241 373 1320 adimerentur,
412 1242 521 1322 quibus
541 1242 654 1322 ,edituo
684 1241 924 1322 praepediuntur
950 1242 1078 1302 maxims
1104 1243 1281 1304 Animarum

147 1345 252 1418 lucra,
286 1363 341 1422 per
361 1355 541 1406 memoratae
562 1343 666 1404 bullae
688 1341 899 1422 dispositiones
921 1355 1100 1422 procurata,
1140 1353 1171 1404 et
1193 1357 1280 1426 opta.

146 1437 350 1508 cimericum
372 1447 493 1508 tandem
522 1447 751 1520 nanciscantur,
789 1463 866 1524 quae
891 1447 923 1504 in
946 1445 1109 1526 Religionis
1138 1439 1279 1508 commm-

148 1549 223 1624 ‹lmn
246 1549 363 1609 fuerant
384 1553 555 1613 constituta.
601 1549 689 1608 Omni
712 1541 813 1626 itaque
831 1549 947 1626 Negotii
968 1549 1084 1610 ratione
1105 1549 1138 1608 in
1155 1569 1280 1610 examen

149 1652 299 1728 deducte,
327 1651 423 1730 iisque
445 1652 591 1733 susceptis
614 1652 767 1727 consiliis,
798 1669 875 1728 quse
903 1671 939 1708 ex
961 1651 1135 1712 reinstaura
1157 1653 1281 1734 ejusqu'e

149 1740 301 1832 adjunctis
323 1753 468 1816 universis
491 1763 700 1832 occurrerunt,
731 1735 839 1812 auditis
860 1739 1015 1812 nonnuliis
1036 1769 1074 1812 ex
1095 1757 1281 1816 venarabili·-

149 1856 209 1916 bus
230 1857 386 1918 Fratribus
414 1859 530 1918 Nostris
563 1867 684 1917 sanctae
711 1859 864 1916 Romanas
890 1855 1039 1916 Ecclesiae
1065 1854 1282 1951 Cardinalibul,

150 1968 242 2040 atque
270 1978 308 2019 ex
332 1969 412 2038 carta
434 1962 556 2044 seientia
579 1970 609 2019 et
631 1969 748 2020 matura
778 1957 993 2018 deliberatione
1014 1959 1151 2036 Nostris,
1183 1961 1282 2041 deque

151 2063 344 2142 Apostolicae
364 2063 523 2144 potcstatis
537 2061 726 2143 plenitudine
745 2061 838 2138 baec,
868 2079 944 2148 quae
965 2071 1150 2142 sequuntur,
1179 2063 1283 2132 decer.

142 2164 252 2242 'nimus
274 2175 304 2225 et
324 2167 508 2246 mandamus.
551 2165 697 2225 Primo:
726 2163 982 2242 Quotiescumque
1005 2164 1098 2228 Sedes
1121 2167 1281 2250 Archiepi.

152 2269 283 2348 scopslis
310 2271 359 2329 vel
387 2268 575 2350 Episcopalis
604 2270 778 2340 vacaverit,
814 2265 895 2327 illius
919 2264 1105 2328 Catbedralis
1131 2271 1283 2334 Ecclesiae

153 2369 325 2452 Capitulum
346 2373 425 2432 iutra
447 2391 579 2432 mensem
600 2389 617 2427 s
639 2370 688 2430 die
706 2367 873 2428 vacationis
894 2371 1130 2448 computandum
1145 2375 1283 2438 Summos
1326 2440 1328 2449 ,

151 2475 313 2560 respectipi
333 2473 488 2536 Territorii
509 2473 663 2552 Principes
684 2475 828 2532 certiores
856 2470 921 2530 lieri
952 2453 1070 2534 curabit
1091 2475 1128 2535 de
1150 2473 1284 2538 niomini-

71 2625 74 2632 ,
151 2575 211 2634 bus
232 2577 467 2638 candidatorum
502 2577 539 2636 ud
559 2577 677 2638 Clarum
707 2575 919 2662 llioeccsnnuru
948 2577 1167 2657 spectantium,
1207 2599 1284 2658 quos

154 2676 260 2754 dignos
282 2688 312 2738 et
330 2679 454 2740 idoneos
475 2681 561 2759 juxta
583 2683 743 2740 Sacrorum
766 2679 922 2736 Curionum
948 2681 1135 2762 praescripta
1165 2681 1282 2764 judicu·

152 2781 235 2840 verit
261 2782 299 2840 ad
327 2781 621 2864 archiepiscopalem
655 2781 705 2841 vel
736 2780 946 2860 Episcopalem
976 2781 1142 2844 Ecclesiam
1179 2785 1283 2848 sancte

153 2884 365 2965 sapienterque
385 2885 563 2964 regendam,
585 2886 611 2944 si
632 2886 710 2944 forte
728 2903 803 2971 repo
827 2883 937 2962 aliquis
959 2905 998 2946 ex
1012 2887 1189 2949 Candidatis
1210 2886 1283 2970 ipsis

153 3009 270 3056 summa
293 2991 451 3050 Territorii
478 2988 613 3068 Principi
634 2987 732 3045 minus
760 2993 862 3064 gratus
885 2987 1039 3067 extiterit,
1072 2991 1243 3072 Capitulum
1266 3003 1283 3054 'e

155 3091 298 3172 Catalogo
320 3113 388 3154 eum
410 3092 537 3169 delebit,
563 3077 689 3168 ¹reliquo
710 3098 812 3148 tamen
832 3099 973 3150 monente.
990 3091 1150 3152 sufficienti
1174 3097 1286 3156 Candi-

154 3193 297 3256 datorum
321 3214 459 3272 numeru,
483 3214 523 3256 ex
544 3209 723 3279 quolnovus
735 3189 867 3249 Antiates
889 3189 957 3270 eligi
979 3195 1093 3268 relenta
1116 3207 1188 3256 tunc
1209 3198 1283 3258 verb

155 3297 328 3380 Capitulum
363 3297 401 3360 ad
437 3297 616 3358 'cauomcam
653 3293 830 3360 electionem
868 3293 900 3352 in
930 3281 1200 3379 archiepiicopusb
1235 3303 1285 3362 vel

154 3401 340 3481 Episcopum
361 3402 450 3460 unius
472 3421 510 3460 ex
524 3397 710 3478 Candidatis,
734 3397 787 3477 qui
808 3385 1103 3481 puper'ernnt,‘juxta
1126 3413 1285 3464 consuetas
1314 3413 1317 3418 '

156 3503 313 3564 canonicas
334 3503 445 3566 formas
466 3505 633 3586 procedet,
667 3521 702 3560 ac
725 3501 938 3560 (lucanicarum
959 3501 1114 3564 electionis
1135 3503 1166 3564 in
1187 3507 1286 3568 socrus

40 3643 44 3658 ι
152 3605 328 3668 authentica
347 3608 430 3676 intra
452 3627 583 3668 mensem
605 3605 642 3665 nd
665 3624 815 3665 summum
839 3602 1010 3664 Pontificem
1040 3607 1170 3686 perferri
1200 3627 1287 3668 cura·

155 3711 209 3772 bit.
253 3712 450 3772 Secundo:
473 3709 627 3782 Confectio
649 3709 810 3767 Processus
835 3706 1017 3766 informativi
1035 3721 1127 3790 super
1148 3711 1288 3788 qualita-

153 3815 239 3876 tibus
259 3813 536 3888 Promovsndorum
560 3814 597 3874 sd
620 3809 915 3890 acchiepiscopalem
934 3810 983 3870 rel
1005 3811 1200 3892 Episcopales
1220 3810 1288 3872 uc·-

156 3919 264 3980 elesias
286 3939 303 3978 a
323 3921 460 3978 Romano
482 3915 625 3978 Pantilius
655 3917 694 3976 nd
722 3913 849 3974 formam
878 3913 1086 3973 instructionis
1121 3913 1190 3994 pise
1220 3933 1287 3973 nse-

154 4021 270 4082 moriae
298 4022 425 4081 Urbani·
435 4021 470 4083 P
492 4023 526 4084 P.
549 4021 649 4080 octavi
669 4017 755 4100 jussu
776 4017 871 4078 editae
893 4015 946 4074 uni
966 4017 1186 4098 Episcoporum
1208 4017 1288 4075 Pro-

158 4123 274 4186 vinciae
299 4127 351 4188 vel
371 4123 582 4188 Ecclesiastico
609 4122 778 4205 respective
800 4121 952 4185 Dioecesis
983 4121 1050 4182 circ
1082 4101 1287 4197 benignitatis

157 4229 326 4290 constituto
347 4229 560 4306 committetur,
583 4219 644 4305 quo
666 4233 802 4303 accepto,
826 4223 851 4282 si
873 4221 1013 4284 Summus
1035 4222 1175 4284 Pontifex
1199 4226 1286 4280 com‘-
1342 4299 1346 4306 Ι

79 4413 84 4418 ,
137 4331 274 4428 ,paruit
290 4333 538 4400 emanandum·
555 4329 592 4394 iia
615 4325 735 4394 dotibus
756 4329 952 4406 nannetum,
995 4343 1069 4409 quas
1090 4325 1168 4390 sacri
1191 4322 1286 4388 canu.
