2970 4942
217 357 282 437 8'22‘
377 423 379 442 i

217 535 256 598 ab
274 534 341 597 illis
365 515 509 614 sinopae
525 543 602 624 ‘ease
624 515 668 596 et'
679 537 746 598 lore
767 557 803 597 ac
821 515 968 622 tanqu'ain
986 517 1221 603 estuantem
1241 537 1347 618 paon·

217 641 335 704 dantiae
357 636 475 712 allicio,
511 645 607 696 cens·
622 638 745 700 scientia
774 651 803 702 st
832 641 987 723 potestatis
1015 639 1205 721 plenitudine
1227 640 1346 700 Nostris

147 787 151 806 .
216 745 311 803 iactas
327 751 359 802 st
380 747 700 820 unanstss··perpetuo
723 743 840 805 validas
863 755 892 804 et
912 743 1046 804 cllicacsa
1069 743 1207 819 existere,
1229 750 1261 802 et
1279 736 1345 802 lond

206 851 355 924 suosque·
367 843 519 924 plemrios
541 851 571 902 st
591 823 725 922 integrus
750 843 874 906 'effectus
894 845 1004 922 sortiri,
1026 855 1055 905 et
1076 829 1227 917 obtinere,
1249 854 1284 903 ad
1306 841 1344 902 ab

218 947 376 1024 omnious,
409 944 549 1026 sd‘quas
571 953 685 1026 spectat
708 955 738 1007 st
758 949 983 1028 quomodobbet
1008 947 1172 1029 spectabit,
1203 947 1235 1006 in
1263 947 1345 1008 rasa.

217 1061 290 1111 rum
309 1059 466 1130 perpetuo,
487 1046 703 1110 inviolabiliter
725 1051 876 1112 observari
884 1073 894 1128 3
917 1053 953 1111 sb
977 1051 1215 1133 supradictarum
1237 1049 1344 1107 lic’cla·

218 1153 330 1212 siarum
352 1151 509 1232 Episcopis
530 1133 560 1212 et
583 1151 727 1232 Capitulis
750 1155 897 1240 aliisque,
929 1172 1058 1234 quorum
1086 1153 1220 1213 favorem
1246 1169 1344 1232 prae-

218 1265 316 1316 sentes
338 1256 464 1314 Nostrae
485 1256 614 1314 Litterae
632 1269 828 1334 concernunt,
852 1257 1005 1340 perpetuis
1026 1255 1136 1316 tataris
1157 1253 1343 1334 temporibus

216 1359 387 1442 plenissime
409 1355 565 1436 suffragari
587 1357 711 1435 (babere,
741 1359 921 1439 eosdemque
942 1379 1032 1440 super
1053 1357 1223 1440 praemissis
1244 1356 1344 1415 omni·

217 1463 275 1523 bus
299 1471 328 1521 et
349 1459 491 1538 singuiis,
521 1459 570 1520 vel
591 1459 713 1522 illorum
735 1481 823 1522 causa
845 1461 882 1521 ab
905 1462 1053 1542 aliquibus
1084 1459 1189 1539 quavis
1211 1460 1344 1518 auctori·

218 1573 280 1626 tate
301 1559 495 1641 fungentibus
517 1561 743 1641 quomodolibet
763 1553 930 1642 molestari,
961 1542 1152 1646 perturbari,
1173 1559 1344 1640 inquietari,

216 1667 273 1728 vel·
289 1663 429 1744 impediri
450 1685 508 1724 nec
529 1665 566 1726 ad
590 1664 819 1748 probationem,
854 1687 906 1726 seu
930 1665 1162 1725 veribcstionsm
1192 1681 1344 1741 quorum-

219 1787 340 1850 cunque
361 1769 393 1827 in
414 1765 519 1830 iisdem
543 1767 750 1847 praesentibus
772 1777 962 1828 narratorum
987 1787 1118 1846 unquam
1140 1765 1249 1838 teneri,
1286 1780 1345 1822 ne·

216 1871 278 1954 ‘qus
303 1869 393 1930 adid
415 1867 600 1948 injudicio,
630 1871 679 1930 vel
701 1879 790 1930 extra
811 1869 875 1948 cogi
898 1889 951 1930 seu
974 1869 1111 1948 compelli
1134 1889 1237 1948 posse,
1266 1877 1295 1925 et
1319 1865 1345 1924 si

218 1993 305 2036 secus
327 1969 487 2072 superbis
509 1993 526 2030 a
547 1991 697 2052 qucquam
721 1971 826 2050 quavis
841 1971 1022 2032 auctoritate
1043 1969 1171 2030 scienter
1185 1969 1233 2030 vel
1254 1969 1345 2060 igno·

217 2089 320 2141 rantes·
342 2073 501 2152 contigerit
522 2073 670 2151 attentari,
693 2075 813 2134 irritum
834 2084 864 2134 et
888 2091 1012 2156 prorsus
1034 2073 1128 2133 inane·
1144 2091 1258 2132 asse—sc
1279 2071 1346 2129 fors

217 2181 358 2242 volumus
380 2187 470 2256 atque
491 2175 689 2238 deceruimus.
738 2177 807 2236 Non
834 2175 1021 2238 obstantibus
1047 2175 1089 2249 de
1111 2175 1178 2258 jure
1199 2173 1344 2254 quaesita,

123 2340 131 2355 Χ
215 2294 280 2343 tion
301 2279 446 2355 tollendo,
470 2277 509 2338 ds
532 2261 793 2360 suppressionibus
820 2262 1043 2340 committendis
1065 2277 1102 2338 ad
1121 2287 1226 2357 'partes
1247 2297 1345 2336 soca·

215 2385 266 2461 tls,
299 2399 427 2464 quorum
448 2379 574 2442 interest
600 2379 725 2460 aliisque
745 2383 856 2444 nostris
879 2391 908 2441 at
930 2381 1132 2441 Cancellariae
1153 2377 1346 2458 Apostolicas

217 2465 344 2564 regulis,
379 2503 436 2542 nec
464 2501 526 2540 non
562 2479 762 2543 Ecclesiarum
792 2485 879 2556 etiam
901 2481 1133 2542 confirmatione
1160 2481 1344 2562 Apostolica,

216 2587 268 2648 vel
289 2587 396 2666 quasis
417 2585 557 2643 firmitate
578 2583 634 2642 alis
657 2583 804 2644 roboratis
824 2587 953 2663 statutis,
982 2583 1146 2665 privilegiis
1168 2595 1199 2644 et
1219 2583 1344 2642 indultis

217 2687 356 2770 quamvis
377 2683 514 2766 specifica
536 2695 566 2745 ct
588 2683 747 2747 individua
769 2687 919 2748 mentione
937 2687 1059 2768 dignis,
1079 2685 1293 2766 'omnibusque
1314 2693 1345 2748 st

218 2789 342 2867 singulis
366 2787 547 2868 Apostolicis
568 2809 603 2847 sc
624 2789 657 2848 irs
678 2787 881 2870 synodalibus,
903 2769 1141 2888 proviiscialibqs
1168 2799 1198 2848 et
1218 2793 1345 2848 univer·

218 2889 329 2954 salibus
352 2891 486 2950 coucssiis
516 2889 603 2951 editis
625 2893 807 2970 specialibus
835 2893 886 2952 sel
906 2891 1091 2971 generalibus
1113 2891 1344 2955 constitutioni-

216 2992 284 3072 bus,
307 2991 607 3068 et0rdinationibus,
630 2991 740 3072 quibus
755 2993 893 3054 omnibus
915 3004 946 3054 et
967 2991 1090 3074 singulis
1110 2993 1234 3054 illorum
1256 3003 1343 3053 teno—

217 3119 265 3161 res
280 3095 495 3188 praesentibus
508 3115 565 3177 pro
586 3097 705 3157 insertis
718 3093 871 3174 babentes,
893 3096 932 3156 sd
952 3097 1183 3183 praqmissorusu
1205 3095 1343 3158 effectum

215 3201 363 3262 latissime
392 3221 426 3258 ac
449 3199 621 3278 plenissima
650 3199 820 3280 specialiter
846 3207 876 3258 et
905 3217 1046 3278 expresse
1074 3196 1201 3258 scientia
1227 3209 1257 3258 et
1287 3219 1345 3278 po-

216 3304 332 3364 tcstatis
359 3299 545 3384 plenitudine
584 3303 706 3382 paribus
734 3291 930 3388 derogamus,
970 3299 1155 3379 caeterisque
1182 3301 1344 3362 contrariis

218 3403 459 3486 quibuscunque.
516 3403 663 3478 Volumus
697 3403 837 3486 insuper,
873 3413 909 3463 ut
944 3403 1143 3484 praesentium
1174 3403 1345 3464 litterarum

217 3505 414 3585 transumptis
437 3503 525 3566 e'tiatn
546 3507 707 3588 impressis,
729 3526 819 3566 manu
838 3516 937 3566 tamen
953 3505 1080 3587 alicujus
1099 3505 1215 3567 Notarii
1228 3507 1346 3587 publici

219 3609 408 3689 subscriptis,
428 3617 458 3668 et
486 3609 584 3689 sigillo
614 3624 758 3692 personae
784 3607 817 3667 in
839 3609 1038 3670 ecclesiastica
1066 3609 1208 3687 dignitate
1229 3609 1345 3669 consti-

219 3721 302 3772 tutae
323 3709 457 3789 munitis,
479 3711 583 3772 eadem
604 3733 728 3793 prorsus
750 3711 824 3772 fides
844 3711 956 3791 ubique
973 3711 1160 3788 adhibeatur,
1184 3711 1343 3792 quaeipsis
1459 3749 1460 3784 3

219 3813 427 3894 praesentibus
449 3811 650 3883 adhiberetur,
673 3817 698 3874 si
720 3817 817 3875 iurent
840 3813 991 3876 adbibitus
1008 3815 1056 3875 rel
1071 3825 1217 3876 ostensas.
1259 3815 1344 3874 b'ulli

220 3933 291 3994 ergo
317 3911 441 4006 omnino
470 3913 626 3976 bominum
657 3915 746 3978 liceat
777 3913 855 3976 banc
883 3917 1021 3999 paginam
1054 3929 1175 3978 nostrae
1203 3937 1345 3998 suppres-

120 4063 124 4080 ,
220 4017 322 4091 sionis,
344 4015 546 4090 extinctionis,
569 4017 797 4092 annullationis,
819 4021 1064 4093 reordinationis,
1086 4021 1261 4092 erectionis,
1283 4019 1345 4080 dis.

220 4115 453 4195 membrationis,
473 4117 609 4196 unionis,
631 4123 864 4210 aggregationis,
884 4121 1107 4206 applicationis,
1131 4123 1346 4198 concessionis,

220 4217 349 4298 indulti,
378 4219 684 4304 circumscriptionis,
720 4225 942 4312 assignationis,
972 4225 1194 4301 attributionis,
1229 4227 1347 4304 statuti,
1457 4265 1458 4290 t

221 4321 450 4404 commissionis,
472 4323 683 4407 deputationis,
705 4327 847 4406 mandati,
868 4329 991 4403 decreti,
1013 4327 1217 4408 derogationis
1238 4335 1269 4390 et
1289 4345 1348 4390 vo-
