2922 4930
1201 329 1266 394 tte

222 498 302 565 trs
322 495 470 562 XXXIV.
513 433 756 590 listilicstiopnm
775 491 869 572 hujus
898 493 1113 568 Contentionis
1139 495 1264 590 trstlitio
1361 539 1363 542 -

138 605 191 666 liet
211 605 323 666 Itornss
344 621 406 662 non
427 599 511 664 utus
530 567 703 680 quindecim
725 596 843 660 dierum
867 598 1000 720 apetium
1028 620 1046 660 ι
1067 597 1116 664 dis
1133 597 1186 664 his
1206 617 1265 662 sr-

140 707 242 822 ticulis
265 703 417 786 apposita.

171 805 302 866 ·.Art
324 803 452 868 XXXV.
493 803 566 865 Post
581 801 679 884 hujus
694 800 908 864 conventionis
927 800 1165 897 ratificationem,
1186 757 1267 886 ejus-

75 943 81 968 t
141 909 209 974 siem
230 907 371 968 executio
395 903 516 968 duobus
536 902 738 986 scientissimis
766 903 868 981 Viris,
896 923 1026 986 qnorum
1055 907 1131 970 alter
1152 929 1170 970 a
1191 911 1267 968 San·

141 1013 246 1074 ctitate
262 1013 344 1096 Sus,
371 1009 447 1070 alter
466 1029 484 1070 ιι
505 1007 660 1087 blajestste
681 1004 773 1084 Regia
793 1007 1018 1083 nominabitur,
1047 1003 1266 1088 committetur,

140 1115 224 1194 iique
245 1120 262 1171 ι
282 1110 457 1192 respectivis
478 1109 619 1172 Partibus
647 1106 906 1172 Contrehsntibus
934 1112 1128 1220 necessariis,
1148 1122 1181 1176 et
1206 1133 1267 1194 op·

140 1215 279 1298 portunis
303 1211 496 1276 lecultatibus
516 1210 701 1272 munientur.

225 1319 263 1378 In
284 1300 414 1398 quorum
442 1313 533 1374 fidem
562 1312 690 1392 praelati
717 1311 974 1394 Plenipotentiarii
1002 1315 1158 1395 praesenti
1179 1315 1268 1376 Con-

63 1453 66 1466 =
141 1419 278 1480 ventioni
299 1416 556 1496 subscripserunt,
578 1415 722 1494 illamque
743 1433 798 1476 suo
817 1415 948 1496 quisque
969 1415 1068 1494 sigillo
1089 1417 1267 1497 obsignavit.

219 1521 328 1580 Datum
350 1518 474 1578 Anxure
496 1511 706 1598 (Tarracinae)
729 1515 777 1576 (ιιι
792 1517 908 1578 decime
925 1528 1008 1580 sexta
1021 1519 1176 1592 Februarii
1195 1521 1268 1582 anni

102 1675 104 1678 .
142 1621 295 1684 millesimi
317 1617 553 1698 octingentesimi
576 1619 687 1680 decimi
709 1619 818 1680 octavi.

227 1758 309 1848 Loco
329 1761 352 1837 †
372 1755 470 1834 sigilli
491 1788 532 1802 -
553 1756 720 1816 Erculss
741 1755 852 1818 ctat.
878 1755 1082 1818 cossatae.

228 1859 311 1920 Loco
332 1856 354 1932 †
375 1856 471 1937 sigilli
490 1887 535 1904 -
558 1855 623 1919 Co.
651 1859 779 1939 Luigs'
806 1857 849 1923 ds
877 1855 1040 1922 Medici.

232 2079 307 2139 Cum
329 2097 398 2158 ergo
420 2076 595 2158 hujusmodi
617 2079 846 2152 conventiones,
868 2081 958 2140 Psote
980 2087 1010 2140 et
1032 2078 1222 2140 concordate
1236 2081 1290 2142 ιιι·
1334 2053 1338 2068 l

147 2181 285 2245 omnibus
306 2191 336 2242 et
357 2181 482 2259 singulis
503 2173 640 2261 punctis,
674 2179 830 2268 clausulis,
861 2190 893 2242 et
915 2179 1140 2241 conditionibus
1161 2201 1231 2242 cum
1253 2205 1272 2244 ιι

145 2285 258 2364 Nobis,
279 2295 344 2345 tum
361 2304 378 2342 s
400 2283 552 2342 carissimo
574 2283 606 2344 in
620 2281 741 2344 Christo
757 2283 821 2342 filio
836 2293 939 2344 nostro
952 2281 1162 2360 Ferdinando,
1184 2285 1271 2362 regni

145 2389 305 2469 utriusque
332 2385 452 2464 Siciliae
478 2386 576 2464 Rege,
613 2381 793 2466 app'robsts,
830 2385 1021 2462 confirmata,
1049 2393 1079 2445 et
1107 2377 1272 2446 ratihabits

146 2493 274 2568 suerint,
308 2509 436 2568 cumque
463 2488 557 2548 idem*
573 2490 639 2551 Rex
666 2488 754 2548 enixe
782 2509 799 2547 ι
823 2488 916 2549 Nobis
937 2487 1132 2567 flagitaverit,
1159 2496 1194 2547 nt
1214 2508 1272 2568 pro

146 2593 272 2654 firmiori
295 2613 398 2652 eorum
416 2591 606 2652 subsistentia
627 2591 721 2652 robur
743 2591 932 2672 Apostolicso
953 2589 1102 2652 firmitatis
1125 2589 1273 2670 adjicere-

85 2775 93 2790 ,
147 2715 233 2772 mus,
256 2683 644 2774 solemniorisque'Decreti
670 2683 886 2768 auctoritatem>
906 2693 1182 2773 interponeremus,
1210 2693 1273 2752 Nos
1386 2731 1392 2744 ι

149 2795 188 2855 ιιι
217 2793 362 2876 majorem
391 2795 446 2855 llei
474 2795 617 2874 gloriam,
651 2806 681 2856 et
711 2795 882 2857 Catholicae
915 2795 1077 2875 Religionis
1106 2795 1275 2856 incremen-

147 2907 228 2973 tum,
257 2917 296 2957 ex
322 2889 407 2958 cirta
434 2899 557 2958 scientia
589 2907 619 2958 et
641 2905 758 2960 matura
781 2899 998 2960 deliberatione
1019 2899 1148 2975 nostris,
1177 2898 1274 2977 dequo

147 3001 338 3081 Apostolicae
358 3001 514 3082 potestatis
541 2999 734 3084 plenitudine
752 2980 945 3082 supradictus
967 3001 1196 3076 conventiones,
1220 3001 1277 3060 Cs-

148 3101 271 3185 pitula,
286 3103 393 3182 Paete,
417 3105 623 3183 Concordsts,
646 3113 676 3164 st
697 3105 922 3179 concessiones,
943 3111 1048 3162 tenore
1069 3101 1275 3184 praesentium

149 3205 368 3286 spprobamus,
390 3207 592 3282 ratificamus,
623 3215 653 3266 et
681 3215 888 3286 acceptamus,
919 3203 981 3263 illis
1011 3205 1179 3284 Apostolici
1208 3225 1276 3266 mu-

148 3307 268 3367 niminis
291 3317 320 3368 et
339 3309 488 3370 firmitatis
510 3309 606 3369 robur
628 3315 659 3367 et
688 3305 850 3378 efficaciam
880 3305 1084 3388 adjungimus,
1116 3308 1275 3388 omnisque

119 3419 123 3438 ¹
148 3411 244 3469 ineis
266 3420 424 3488 contente,
448 3435 483 3474 ec
499 3413 654 3493 promises,
677 3411 793 3471 sincere
815 3421 845 3471 et
863 3409 1079 3472 inviolsbiliter
1101 3431 1138 3470 ex
1153 3411 1273 3486 Nostra,
1303 3464 1305 3476 ,

151 3519 182 3570 et
213 3511 407 3590 Apostolices
435 3515 520 3576 Sedis
549 3523 636 3596 parte
664 3513 859 3593 adimpletum
890 3521 920 3573 et
946 3521 1098 3572 servatum
1126 3513 1183 3590 inl,
1213 3523 1276 3576 ιιιιι

150 3611 278 3689 Nostro,
306 3631 396 3696 quam
418 3619 629 3680 successorum
657 3627 829 3688 nostrorum
858 3615 980 3676 nomine
1007 3615 1213 3695 promittimus
1240 3631 1277 3677 tc
1308 3647 1311 3660 ·

150 3711 340 3798 spondemus.
805 3725 808 3738 '

165 3843 171 3852 ·
231 3817 427 3878 Decernentes
448 3819 567 3881 easdem
589 3833 764 3904 praesentes
786 3821 900 3882 Literas
927 3819 1016 3881 nullo
1044 3839 1178 3901 unquam
1203 3828 1278 3880 tem-
1316 3891 1319 3896 Ι

149 3937 225 4002 pore
246 3919 283 3980 de
304 3921 527 4001 subreptionis,
556 3925 607 3985 vel
638 3925 842 4008 obreptionis,
864 3931 917 3982 aut
938 3921 1090 3984 nullitetis
1110 3923 1202 4000 nitio,
1226 3919 1278 3982 vel

149 4022 324 4084 intentionis
346 4025 489 4102 Nostrse,
518 4035 571 4086 sut
598 4027 657 4089 alio
686 4043 876 4108 quocumque
905 4025 1042 4105 quemvis
1071 4041 1197 4103 megno,
1227 4031 1303 4092 sut⁴
1358 4082 1366 4108 s

150 4122 351 4206 inexcogiteto
372 4127 494 4188 delectu
516 4131 629 4207 notari,
662 4139 715 4192 ιιιι
742 4129 915 4210 impugnari
942 4147 1051 4209 posse,
1080 4125 1133 4186 ssd
1162 4141 1282 4204 semper

151 4223 269 4307 firmss,
289 4227 423 4304 relidas,
451 4237 483 4289 et
504 4229 639 4292 efficaces
668 4219 816 4312 enisters,
851 4241 882 4292 et
906 4231 988 4304 lore,
1024 4245 1156 4308 suosque
1177 4227 1283 4307 plens·

150 4325 223 4405 rios,
245 4337 277 4393 et
295 4333 426 4415 integros
447 4331 570 4396 effectus
591 4333 705 4413 sortiri,
728 4345 759 4398 st
779 4335 946 4411 obtinere,
958 4341 989 4394 st
1008 4329 1047 4392 st
1069 4329 1220 4409 omnibus,
1241 4325 1281 4391 sd
1347 4373 1351 4376 -
