2958 4938
65 311 122 346 ⁰
205 361 273 427 no

752 523 784 587 ⁸·
984 535 989 544 ’
1128 545 1131 553 ,
1322 555 1327 567 .

204 631 306 693 natm
334 627 452 687 seona
482 620 575 702 xit,
611 621 720 699 noas,
756 617 791 682 u.
821 617 853 680 e.
881 607 1001 682 neme
1028 617 1085 682 nr
1109 615 1194 679 idue
1226 617 1332 700 April.

265 723 562 794 MDUOGXXVII.
584 721 618 800 *J
704 754 707 763 ·
1011 725 1019 739 “

388 848 465 908 Leo
487 843 730 924 Episcopus,
771 838 876 903 servus
899 857 1058 902 servorum
1080 837 1144 937 net

542 963 584 1014 Ad
601 973 755 1034 perpetuam
773 963 813 1014 rei
831 959 993 1013 memorium.
1016 977 1018 988 ¹

169 1117 172 1124 -
281 1069 327 1131 dd
350 1067 501 1130 Dominici
524 1051 629 1148 Gregis
660 1065 827 1126 custodiam
849 1065 988 1124 Pastores
1016 1060 1191 1144 praeficere,
1226 1059 1334 1140 quiet

202 1195 356 1238 sacrorum
379 1169 594 1254 procuratione
616 1179 646 1230 et
668 1169 833 1228 ministerio
855 1165 947 1226 Verbi
975 1165 1007 1224 in
1037 1163 1150 1224 semitis
1171 1163 1256 1223 illum
1278 1183 1334 1224 re-

34 1321 37 1338 .
142 1268 153 1278 “
202 1287 273 1360 gant
291 1277 435 1358 justitiae,
458 1295 493 1332 eo
515 1263 620 1331 salutis
642 1271 771 1354 messium
788 1285 912 1350 'semper
933 1267 1111 1346 assidueque
1133 1265 1334 1341 contentione,

199 1377 330 1444 Romani
351 1375 511 1446 Pontifices
534 1369 630 1434 adnisi
652 1384 742 1444 cunt,
781 1369 875 1453 probe
903 1370 986 1450 gnari
1007 1369 1039 1428 id
1063 1369 1120 1428 sibi
1142 1391 1179 1429 ex
1201 1371 1333 1431 mulieris

127 1535 129 1540 ,
202 1467 252 1546 sni
281 1481 390 1556 Officio
421 1499 437 1538 a
465 1479 621 1538 Pastorum
649 1475 789 1556 Principe
826 1473 967 1554 inprimis
1001 1473 1215 1540 commendari.
1266 1472 1333 1532 lioc

202 1583 331 1670 proinde
354 1579 477 1641 consilio
500 1601 556 1660 pro
579 1565 711 1654 summo,
750 1599 822 1666 quo⁸
832 1575 866 1636 in
887 1575 1034 1634 Ecclesiae
1054 1572 1168 1634 bonnni
1189 1575 1334 1653 flagrabat

202 1687 315 1766 studio,
348 1683 446 1774 selicip
467 1681 695 1767 Recordationie
719 1679 932 1740 Praedecessor
952 1677 1062 1738 Noster
1082 1681 1163 1737 Pina
1179 1681 1333 1758 Septimus·

201 1791 331 1853 maxime
356 1787 412 1846 sibi
437 1783 578 1878 religioni
611 1783 722 1859 duxit,
753 1782 886 1842 intentas
914 1784 945 1840 in
974 1799 1023 1840 eos
1046 1779 1240 1841 orthodoxae
1262 1781 1333 1842 lidei

51 1909 54 1918 ·
133 1909 141 1922 ’
202 1895 334 1954 cultores
356 1887 571 1949 sollicitudines
595 1896 783 1963 convertere,
807 1885 859 1966 qui
881 1883 1144 1943 Serenissimorum
1157 1885 1333 1966 Principum

104 2005 105 2016 ¹
200 1997 399 2072 Statuunrque
418 1981 609 2066 Germaniae,
632 1987 719 2068 Regis
740 1989 851 2068 nem'pe
868 1985 1137 2066 Wiirtembergise,
1160 1983 1258 2066 Magni
1271 1989 1334 2064 Du,-

174 2111 187 2122 '
201 2097 244 2157 cie
265 2093 416 2170 Badensis,
439 2093 585 2153 Electoria
607 2079 741 2168 llassiae,
762 2075 973 2168 Magnt‘ttucis
994 2087 1123 2166 Hassiae,
1148 2091 1236 2151 Ducis
1258 2091 1334 2152 Nas-

110 2177 114 2262 i
200 2198 356 2272 soviensis,
378 2195 501 2270 Liberae
525 2193 656 2254 civitatis
677 2193 956 2268 Francolurtensis,
993 2186 1092 2270 Magni
1116 2191 1206 2253 Ducis
1228 2192 1333 2274 liega-

180 2289 378 2382 'lopolitani‚
407 2299 525 2358 Ducum
547 2299 714 2386 Senoniae,
751 2297 842 2356 Ducis
866 2293 1140 2373 Oldenburgensis,
1181 2295 1332 2377 Principis

197 2401 417 2480 Wnldecensis‚
452 2423 487 2461 ac
508 2401 672 2460 liberasum
695 2399 859 2460 Civitotum
880 2395 1127 2488 Hapseaticarum
1152 2399 1332 2460 lubecensis

87 2579 91 2586 ι
199 2515 230 2566 et
249 2504 416 2566 Bremensis
437 2501 487 2583 **)
511 2502 713 2564 Dominetioni
735 2503 879 2580 subsunt;
902 2521 938 2560 sc
960 2501 1087 2581 proinde
1108 2499 1332 2580 diligentissime

145 2611 150 2616 '
197 2607 235 2666 iis
257 2607 397 2665 omnibus
418 2607 590 2690 perpensis,¹
611 2626 687 2686 quae
709 2605 802 2684 magis
829 2623 867 2664 ex
890 2624 924 2664 re
948 2611 1012 2664 eise
1038 2605 1212 2682 vitasunt,
1241 2625 1334 2686 prae-

164 2748 170 2762 ·
199 2709 278 2769 eides
308 2711 468 2768 Sacrorum
505 2707 610 2786 iisdem
638 2707 831 2788 assignandos
861 2709 988 2770 curavit.
1039 2705 1125 2768 Datis
1154 2698 1269 2768 idcirco
1292 2707 1333 2768 ad

199 2809 278 2873 diem
288 2809 456 2924 [decirnaae
466 2811 621 2892 septimam
632 2809 961 2891 Colendasssptembris
969 2799 1053 2870 Anno
1061 2809 1218 2871 Millesimo
1228 2809 1334 2870 Octin-

198 2913 362 2995 gentesimo
384 2912 534 2994 vigesimo
550 2910 677 2994 [Primo]
697 2913 1022 2994 ApostolioisLiteris,
1058 2928 1186 2993 quarum
1211 2913 1332 2974 initium

196 3015 393 3106 „Provida
416 3015 664 3104 Solersqnef‘
691 2987 969 3100 lrclsiepiscopalis
997 3015 1207 3095 Friburgensis
1228 3017 1332 3098 Sedes,

189 3121 324 3206 ejusque
344 3115 545 3198 suffraganeae
567 3111 713 3202 quatuor,
736 3119 1010 3200 Rottembnrgensis
1032 3119 1183 3198 nimirum,
1203 3116 1332 3199 Mogun-

197 3218 270 3302 tine,
295 3197 519 3302 Limbursgensia
542 3243 577 3282 ac
601 3223 755 3284 Fuldensis
775 3227 955 3284 constitutae
977 3233 1057 3301 sunt,
1080 3225 1197 3282 cunctis
1219 3227 1333 3304 oppor'-

137 3379 139 3384 ,
198 3335 272 3387 tune
292 3327 324 3386 irt
343 3327 375 3386 id
396 3327 494 3407 operis
517 3327 671 3404 sancitis„
684 3347 762 3406 quae
783 3327 821 3386 ad
843 3327 1028 3387 Antistitum‘
1042 3325 1186 3402 Consum,
1215 3325 1253 3388 ed
1277 3329 1332 3389 Ca·

198 3430 380 3489 nonicorum
403 3429 547 3508 collegis,
570 3431 608 3490 ad
631 3411 813 3503 Seminaria,
843 3429 881 3490 sd
902 3431 1074 3507 Paraeoias,
1104 3429 1331 3491 ad'Catlredrn-

139 3605 143 3611 Ι
198 3531 241 3592 les
264 3533 351 3592 aedes
380 3541 467 3592 erant
489 3521 699 3613 praelinienda.
744 3533 826 3607 Quin
850 3534 911 3594 imo
935 3535 996 3594 Deo
1017 3535 1093 3594 bens
1112 3535 1251 3616 juvante,
1276 3535 1333 3614 qui

196 3635 288 3695 Pater
310 3645 355 3696 est
385 3635 534 3695 luminum
563 3645 592 3696 et
614 3637 730 3698 Auctor
761 3637 853 3698 totius
876 3629 1112 3716 consolationis,
1149 3639 1182 3698 in
1211 3659 1247 3698 eo
1267 3637 1332 3718 jam

197 3756 317 3813 sumno,
351 3745 387 3796 ut
408 3738 445 3796 iis
465 3737 584 3799 sedibus
605 3761 677 3804 suos
705 3742 929 3825 quamprimum
951 3719 1088 3804 Psstdrss
1109 3739 1329 3823 praeficiamus.

198 3896 409 3910 -ᾞ

267 3991 290 4058 *t
309 3995 364 4044 Ass
388 3995 659 4066 prosu-Huutcff:
692 3998 923 4054 Grundsiitse
949 3995 1015 4054 des'
1035 3998 1218 4069 geneiraco
1239 3999 1331 4071 Κίες

197 4061 409 4115 chenreohts
426 4081 450 4114 u.
468 4083 489 4115 s.
512 4084 542 4120 w.
578 4063 698 4119 Mun'ster
721 4068 797 4122 1828.

267 4129 303 4198 **)
323 4133 409 4184 Ueber
427 4133 578 4201 ilsmbnrg,
605 4137 735 4190 Wsldeck
747 4137 801 4190 und
815 4137 951 4192 flerbesu-
964 4136 1209 4206 ilildburglssussn,
1233 4138 1261 4191 in
1278 4141 1331 4192 Be·

196 4201 309 4269 zislruog
329 4203 379 4256 suf
395 4202 469 4256 disse
484 4204 649 4260 kirohliolren
664 4207 854 4274 Verh'a'ltnisse,
873 4227 894 4262 s.
913 4209 1018 4262 Weisst
1043 4207 1243 4261 Grandi-ise
1267 4207 1332 4262 der

196 4269 395 4324 deutschen
414 4265 950 4332 Kirchenreohtwissensolrslt.
984 4275 1330 4360 Mainz„1829.ste.217.‚

198 4339 311 4394 mutan
325 4337 573 4398 &freneticum
590 4345 709 4411 liecht,
730 4345 753 4413 §a
769 4341 832 4403 ΕΟ.
849 4349 876 4401 d.
893 4348 992 4403 Nota.

236 4569 242 4604 l
