2900 4938
134 707 146 718 .
223 723 230 734 ,
345 651 1163 764 Erld'nterndeAkten-stucke
1241 717 1243 725 ,

57 883 67 896 ,
128 795 950 916 aior-Gesckichtederneuemfronzdsiscdeu
958 807 1244 902 Xeniorum(

597 1081 631 1112 “·
655 1086 686 1148 1.

104 1204 208 1266 Pausa
235 1207 315 1266 Pius
346 1205 382 1266 V
378 1205 419 1266 II.
448 1203 532 1266 Reda
564 1227 607 1268 an
635 1207 685 1268 die
715 1201 886 1270 Kards'sdle
901 1199 1238 1266 *assusatus-ituat-

218 1341 221 1346 ·
310 1397 314 1404 ν
345 1307 420 1368 kehr
440 1308 574 1370 vender
596 1315 747 1392 Kriiumq
769 1302 1006 1392 Nupoleon’s*).
1121 1379 1125 1384 Ι

414 1462 709 1562 -ῪοιιοηὶδὶΙεε
737 1443 911 1550 Fratres.

196 1595 245 1656 Ab
267 1598 322 1658 illo
343 1619 440 1682 usque
462 1605 605 1686 temporis
626 1611 791 1672 momento,
814 1619 874 1680 quo
891 1618 907 1658 e
923 1595 1019 1677 Gallie
1041 1595 1167 1678 reduces
1182 1597 1241 1660 Ur-

108 1698 180 1760 bem
199 1699 331 1779 ingressi
352 1697 477 1780 summi
493 1706 555 1766 Vos
576 1707 607 1764 in
630 1702 847 1766 consistorium
868 1721 994 1775 vocare,
1017 1699 1090 1761 Vsu.
1113 1701 1242 1779 Fratres,
1297 1707 1299 1710 ’

110 1801 257 1862 ardenter
279 1807 469 1886 optavimus,
491 1819 527 1868 ut
547 1807 627 1868 sicut
647 1805 686 1866 de
707 1806 816 1864 Nostro
838 1805 911 1866 illuc
933 1801 1145 1884 proficiscendi
1167 1791 1243 1886 prd-

110 1904 213 1982 posito
235 1905 275 1964 ad
297 1908 489 2000 Carissimum
509 1911 542 1970 in
564 1909 683 1970 Chn'sto
706 1907 814 1968 Filium
844 1907 1050 1986 Napoleonem
1071 1907 1243 1987 Imperieli·

111 2005 171 2066 hus
193 2008 365 2088 Insignibus
398 2011 603 2074 decorandum
625 2011 686 2072 Vos
710 2012 854 2072 certiores
876 2010 1061 2087 feceramus,
1091 2011 1135 2070 ita
1158 2011 1244 2070 salu-

112 2119 196 2170 tares
217 2112 353 2192 stamus,
376 2135 452 2196 quos
472 2137 510 2178 ex
531 2116 635 2177 eodem
656 2113 765 2174 itinere
774 2137 794 2188 ,·
805 2113 868 2172 Deo
890 2111 1026 2188 iuvante,
1060 2113 1245 2192 collegimus,
1334 2193 1340 2199 Π

115 2213 234 2292 absque
269 2237 356 2278 mora
384 2219 476 2280 Vobis
506 2237 733 2300 exponeremus.
793 2215 954 2276 Desideriis
989 2219 1088 2276 tamen
1124 2215 1246 2276 Nostris

115 2315 245 2398 obsequi
267 2319 367 2381 sdhuc
387 2341 449 2382 non
470 2322 639 2404 potuimus,
676 2317 760 2398 quod
782 2315 876 2376 multa
900 2337 956 2396 pro
977 2313 1138 2392 Ecclesiis,
1171 2339 1247 2396 ques

114 2441 188 2480 mox
210 2443 437 2504 proponemus,
459 2424 608 2506 peranda,
639 2431 670 2482 et
685 2421 928 2504 ¹Episcoporum,
951 2419 1061 2498 quibus
1082 2439 1135 2480 eae
1158 2439 1246 2480 cosn-

114 2524 281 2584 mittendae
295 2505 391 2596 sunt,
421 2545 547 2586 examen
562 2505 780 2586 'maturandum
803 2544 819 2582 a
841 2521 935 2584 Nobis
954 2530 1043 2598 esset.
1087 2521 1247 2584 Laetamur

118 2635 219 2686 autem
232 2619 362 2716 'Nostris
382 2628 443 2688 hoc
464 2624 512 2688 die
532 2629 619 2699 Votis
641 2627 811 2692 satisfacere
831 2627 893 2686 Nos
915 2646 1025 2705 posse,
1046 2625 1099 2706 qui
1122 2625 1248 2686 solemni

65 2717 72 2726 ¹
118 2730 300 2788 Sanctorum
322 2732 539 2812 Apostolorum
557 2723 652 2808 Petri,
674 2743 704 2794 et
725 2731 810 2792 Pauli
831 2731 920 2790 Festo
942 2728 1100 2810 proximus
1122 2738 1185 2804 est,
1213 2737 1250 2788 ut
1317 2783 1323 2794 ,

118 2833 236 2892 scilicet
263 2833 371 2912 bonis,
404 2855 480 2915 quae
507 2835 673 2918 praecipua
699 2835 822 2897 illorum
844 2852 902 2912 ops
924 2831 1104 2910 consequuti
1133 2851 1246 2912 sumus,

120 2935 158 2994 ed
174 2945 307 3008 restrum
330 2913 530 3018 cognitidnem
553 2937 704 3016 deductis,
727 2933 891 2998 ardentiori
914 2933 1042 3014 pietate,
1065 2921 1248 3014 gratissimo-

122 3057 181 3120 que
201 3039 414 3121 plane‘animo
436 3041 560 3120 gloriosi
583 3059 686 3101 eorum
706 3038 833 3100 Martirii
853 3029 1026 3100 memoriam
1049 3025 1228 3118 recolemus.
1288 3047 1297 3059 '

206 3141 347 3204 Secunda
364 3143 545 3206 Novembris
567 3145 635 3204 suni
657 3143 795 3224 proxime
806 3140 911 3220 elapsi
933 3139 982 3200 die
997 3137 1113 3214 Roma,
1134 3149 1170 3198 ut
1191 3138 1251 3198 sci-
1275 3199 1285 3208 ,,

121 3245 174 3324 lis,
204 3245 414 3326 discessimus,
444 3247 597 3328 Votaque,
632 3258 662 3307 et
690 3238 840 3325 Auguria,
880 3243 990 3326 quibus
1015 3241 1152 3322 Populus
1182 3241 1249 3300 Ro·

122 3329 231 3410 manus
258 3331 409 3411 nostium
435 3349 684 3421 studiosissimus,
728 3349 766 3410 ad
795 3331 886 3429 plura
915 3365 1057 3427 passuum
1085 3343 1181 3404 millia
1211 3361 1251 3402 ex

123 3455 204 3516 Urbe
242 3452 374 3532 effusus,
412 3453 474 3513 Nos
507 3462 711 3534 prosequutus
740 3461 809 3530 est,
845 3462 881 3512 ut
906 3447 1101 3510 suavissimos
1129 3447 1251 3528 paterni

125 3556 234 3616 'amoris
265 3574 370 3616 seusus
401 3555 432 3614 in
461 3553 554 3614 Nobis
583 3555 754 3634 expilaruut
782 3565 812 3614 et
839 3555 956 3616 felicem
975 3550 1105 3611 'itineris
1135 3549 1267 3639 snitum*

123 3657 358 3739 portenderunt.
407 3657 548 3719 Etruriae
576 3657 696 3718 fines
686 3657 830 3737 ingressi,
866 3629 1111 3746 l'lorentiamqus
1146 3649 1251 3732 deleti,

124 3762 196 3823 satis
236 3759 390 3840 explicare
430 3783 493 3822 nou
530 3783 691 3843 possumus
733 3783 794 3842 quo
839 3759 950 3840 gaudio
993 3754 1110 3840 perfusi
1150 3755 1251 3826 simus,

125 3885 196 3926 cum
228 3863 385 3927 effluentes
414 3865 707 3946 undiqus·Populos
735 3849 939 3940 intuor-sinor,
963 3857 1005 3920 'ut
1028 3859 1062 3919 in
1078 3855 1252 3944 ¹humilitate

125 3968 242 4030 Nostra·
266 3969 350 4032 Petri
380 3971 605 4048 successorem,
644 3967 815 4048 Christique
841 3967 875 4028 iu
897 3965 997 4026 Terris
1019 3961 1172 4023 Vicdrium
1195 3979 1254 4020 ve-

96 4139 101 4148 ,
128 4083 316 4137 iterarentur.
359 4073 444 4134 lnter
469 4091 573 4134 omues
603 4079 702 4134 autem
731 4069 873 4132 excelluit
895 4062 1056 4128 Carissimo
1076 4061 1111 4123 in
1132 4061 1253 4125 Christo
1298 4111 1301 4124 .

212 4315 245 4403 ΙΙ“)
268 4329 323 4381 Ans
347 4325 376 4376 8.
402 4297 501 4374 Viam
520 4318 618 4376 Auhsu
639 4317 690 4375 dor
708 4261 825 4376 derasen
842 4308 1135 4384 lidrolsengesolsichte.
1186 4387 1192 4403 x
