2900 4938
208 321 251 384 ω
335 391 338 407 1
379 297 382 314 .

193 455 285 568 =grac
313 503 384 548 auae
404 479 658 544 reconciliationis
680 475 852 568 testimonio
873 491 951 556 opus
972 471 1161 552 habuerant,
1183 475 1267 555 illam
1287 485 1335 536 ts.

207 611 279 652 men
300 583 482 666 consequuti
508 583 553 642 its
579 601 611 642 sa
638 591 805 663 gesserant,
834 589 870 640 ut
897 579 959 640 Nos
988 577 1027 638 de
1052 578 1199 672 germanis
1227 597 1335 638 eorum

207 693 343 756 sensibus
370 687 460 750 valde
488 685 637 746 sollicitos
669 663 843 744 medoen,
882 681 969 742 llsnc
998 699 1070 741 vero
1098 681 1336 742 sollicitudinem

151 795 155 830 ³
206 771 324 876 paucos
348 797 421 872 post
451 787 516 848 dies
537 787 629 848 iidem
657 789 852 850 sustulertnrt
896 781 1002 846 Verbis
1025 783 1120 858 euim,
1149 793 1181 844 et
1201 783 1334 876 scriptia,

207 913 287 974 quac
309 891 667 969 Nobiscumattulimus,
695 889 886 971 Apostolicee
907 887 994 949 Sedis
1022 886 1143 948 indiciis
1169 886 1251 946 circa
1277 883 1336 946 Ec-

207 995 371 1056 clesiastico
387 991 502 1054 Galliae
516 993 634 1072 negotia
652 994 795 1084 tinniter,
817 1001 968 1072 atquae:
991 990 1090 1050 animo
1110 1009 1142 1049 se
1163 988 1336 1064 nauseare,

207 1105 240 1157 et
259 1093 407 1156 subiicere
429 1095 632 1158 declararunt.
677 1097 746 1172 Qua
766 1105 830 1170 tum
852 1093 1055 1169 consolatione
1075 1092 1193 1172 impleti
1214 1093 1336 1153 scmus!

140 1275 144 1282 ι
208 1199 249 1258 Ut
268 1199 391 1260 illorum
412 1199 553 1281 lacrymis
574 1201 647 1262 dum
669 1207 791 1280 paterna
813 1217 864 1258 aos
886 1194 1336 1277 Claritatecomplecteremur,
1432 1161 1433 1222 l

208 1413 300 1464 turna
323 1405 376 1482 ait,
398 1403 452 1465 aed
473 1389 742 1485 etismaugeetur,
765 1402 941 1466 confidimus
963 1401 1032 1462 illos
1053 1411 1148 1479 certe,
1176 1411 1206 1462 et
1227 1411 1337 1482 pateu-

207 1505 251 1580 tia
272 1517 445 1586 argumenta
464 1507 604 1586 daturas,
626 1507 736 1589 quibus
750 1527 853 1570 eorum
866 1503 1098 1564 declarationem
1112 1503 1231 1564 sincero
1247 1523 1337 1584 pror·

110 1661 113 1670 .
209 1627 261 1668 sua
283 1609 375 1708 corde
402 1611 514 1670 lectam
542 1629 605 1672 esse
629 1620 761 1700 constet,
792 1607 947 1687 omnisque
971 1607 1009 1666 da
1030 1607 1112 1688 ipsis‘
1125 1607 1158 1666 in
1178 1617 1337 1688 posterum

208 1711 355 1806 querendi
384 1713 503 1795 occasio
532 1711 625 1774 Nobis
652 1713 811 1784 adimatur.
853 1709 946 1787 Quod
974 1719 1010 1769 ut
1037 1709 1107 1787 fiat,
1136 1717 1338 1770 scrutatorem
1433 1763 1434 1788 ,

208 1812 348 1873 cordium
375 1814 471 1878 Deum
498 1816 595 1876 enixis
628 1816 768 1897 precibus
796 1814 1010 1890 'obsecrsmns,
1045 1821 1080 1872 ut
1110 1811 1199 1892 quod.
1220 1811 1338 1872 bouum
1433 1811 1434 1882 Ϊ

207 1933 287 1995 opus
309 1918 539 1994 praestiterunt,
560 1939 615 1978 sua
635 1921 730 1995 gratis
751 1919 889 1990 roboret,
912 1927 999 1998 atque
1019 1914 1163 1999 perficiat.
1199 1953 1205 1958 -

295 2019 480 2079 Gravissimo
500 2009 672 2081 huiusmodi
692 2021 809 2100 negotio
830 2021 959 2101 perNcs
978 2019 1134 2092 absoluto,
1157 2015 1214 2075 alia
1235 2013 1338 2075 atatim

206 2109 403 2200 suscepimus,
426 2143 501 2202 quae
514 2123 552 2184 ad
566 2117 727 2203 Religionis
741 2123 864 2202 boumn,
881 2111 927 2184 ¹sd
940 2124 1089 2183 Ecclesiae
1103 2120 1282 2192 libertatern,
1297 2117 1339 2178 sd
1433 2171 1434 2176 ,

208 2220 290 2281 Cleri
302 2221 406 2301 dacus,
429 2225 468 2286 ad
483 2247 635 2287 sacrorum
645 2227 847 2288 Ministrcrum
862 2245 1020 2286 numerum
1035 2223 1213 2303 augendum,
1227 2221 1339 2296 adaco,

130 2317 133 2330 '
206 2341 268 2401 qua
285 2323 371 2386 decet
384 2328 502 2389 ratione
515 2329 756 2406 substeutsndos,
774 2331 971 2411 pertinebant.
1001 2327 1224 2402 Fiducialreti,
1246 2345 1339 2405 quarn
1362 2351 1369 2358 ·

206 2415 301 2486 Nobis
322 2423 555 2492 humanissimus
569 2433 736 2512 linperator
753 2433 893 2512 ingessit,
915 2427 1166 2510 eaque'libertata
1187 2429 1252 2503 usi,
1277 2439 1338 2507 qu'a

207 2525 405 2589 Minister-ium
427 2532 634 2612 Apostolicuin
658 2533 796 2596 exerceri
821 2543 956 2615 oportet,
988 2534 1142 2594 Ecclesiae
1163 2531 1340 2590 Gallicanae
1434 2555 1435 2562 ¹

132 2624 137 2632 ’
207 2627 329 2707 plagae,
360 2627 532 2714 temporum
561 2636 690 2715 iniuria,
726 2647 756 2698 et
784 2639 958 2719 opinionum
988 2635 1139 2716 pravitate
1167 2635 1265 2694 sidem
1287 2638 1338 2696 in-

208 2729 326 2807 llictoa,
352 2743 383 2794 et
404 2755 478 2815 quaa
501 2740 616 2818 patitur
638 2741 808 2821 angustias,
836 2741 944 2817 verbo,
975 2739 1149 2818 scriptoque
1169 2737 1223 2812 tili,
1241 2759 1339 2820 erpo.

208 2831 341 2912 suimus,
370 2845 412 2895 et.
429 2841 592 2918 petitiones
619 2843 678 2904 liac
706 2863 797 2924 super
827 2853 860 2904 rt
882 2844 1008 2904 Nostrae
1028 2841 1131 2901 Eidem
1160 2841 1339 2920 significari.

208 2953 286 2994 mua.
329 2937 414 3012 Quae
434 2942 528 3004 Nobis
549 2945 721 3026 Imperator
741 2967 885 3028 responsa
908 2946 1009 3019 dedit,
1038 2951 1072 3002 et
1094 2943 1215 3023 quidem
1238 2955 1268 3005 et
1292 2945 1338 3004 ol.

207 3037 270 3098 licii
293 3061 362 3120 erga
385 3043 463 3118 Nos,
489 3033 761 3131 licet‘imnreritoa,
783 3041 957 3130 plenissima'
976 3055 1063 3122 eunt,
1096 3053 1126 3104 et
1146 3065 1285 3126 magnam
1301 3039 1340 3108 ‘in

188 3159 292 3220 ·epem
313 3145 384 3240 Nos-¹
399 3160 564 3215 erexerunt
586 3153 667 3231 sore,
691 3165 726 3214 ut
741 3147 897 3213 Gallicana
918 3149 1053 3211 Ecclesia
1075 3151 1202 3225 aenaim,
1227 3159 1259 3210 et
1272 3169 1339 3228 gra-

106 3335 112 3342 ,
207 3241 302 3304 (latim
326 3251 553 3331 convalescens,
578 3251 741 3336 pristinum
762 3257 891 3334 denique
912 3254 1062 3332 vigeram,
1085 3252 1271 3331 formamque
1290 3273 1339 3313 ra-

206 3359 343 3426 cuperet.
380 3339 539 3426 Quaedam'
557 3359 694 3439 prolecto
716 3361 793 3419 mula
819 3359 882 3419 eius
900 3349 1121 3430 indolissunt,
1142 3363 1178 3413 ut
1198 3355 1271 3417 licet
1292 3377 1339 3416 re-

206 3447 334 3526 pentino
357 3452 473 3534 impetu
495 3460 680 3540 ingruerint,
712 3463 737 3521 si
765 3464 832 3542 quis
858 3469 958 3520 tannen
982 3457 1133 3538 extemplo
1155 3477 1262 3518 sanare
1283 3459 1338 3519 illa

122 3551 125 3559 '
207 3549 296 3629 salit,
324 3551 533 3636 ingravescant
554 3564 673 3642 potius,
696 3585 784 3645 quani
806 3564 969 3628 tollantur!

292 3657 355 3718 Nec
376 3663 456 3739 ecla,
488 3665 559 3756 Veln.
581 3667 716 3745 Fratres,
750 3687 803 3748 spe
824 3667 885 3727 Ncs
907 3665 946 3725 ali
969 3663 1090 3745 putetis.
1131 3661 1229 3726 Multa
1257 3661 1338 3722 sacta

206 3769 294 3834 aunt,
318 3781 395 3841 quae
416 3765 623 3830 faciendorum
646 3769 797 3850 quoddam
811 3770 895 3849 quasi
912 3769 1036 3848 pignus,
1058 3765 1238 3848 ⁸¹Tllflmq¹10
1253 3783 1338 3844 ΡΜ·
1396 3849 1399 3858 ,

207 3860 286 3922 bont.
328 3865 491 3930 Societatea
513 3871 711 3933 Sacerdotuni
733 3871 898 3947 Missicnis,
923 3879 952 3931 et
974 3870 1145 3960 puellarum
1162 3867 1337 3944 Charitatis,

107 4042 110 4050 Ι
209 3985 285 4045 quas
302 3969 333 4028 S.
347 3967 524 4032 Vincentius
546 3975 673 4036 al'aulo
695 3985 756 4036 tarn
778 3973 947 4035 salutariter
966 3973 1115 4047 instituit,
1135 3971 1244 4055 sactis,
1267 3989 1338 4049 pru

206 4071 340 4150 pudisque
356 4075 490 4134 vestibus
513 4077 670 4156 insignitae
691 4079 752 4138 iarn
768 4079 960 4138 revixerunt:
984 4077 1138 4158 pecuniae
1149 4073 1257 4132 Divino
1272 4073 1338 4132 oul-

208 4173 255 4230 tui
277 4177 459 4254 exercendo,
492 4189 522 4240 et
544 4179 773 4240 cathedralibus
803 4179 978 4260 reparandis
1009 4177 1230 4256 comparandae
1257 4177 1336 4236 ratic

206 4259 332 4357 pulilico
357 4279 480 4343 Decreto
504 4293 615 4346 statuta
636 4291 699 4344 ests
735 4283 867 4364 amplae,
896 4281 1136 4362 conspicuasque
1157 4279 1244 4340 aedes
1266 4299 1336 4358 spa·
1416 4291 1422 4300 '

98 1295 103 1300 ⁵
207 1301 479 1382 illacrymavimus!
503 1302 546 1364 Ut
566 1323 639 1364 vero
652 1301 826 1364 ‘consolatio
850 1292 926 1360 haec
946 1308 1050 1358 nostra
1069 1319 1129 1360 non
1152 1300 1250 1360 solum
1268 1299 1338 1359 diu·
1416 1311 1433 1393 '¹
