2900 4938
215 338 259 404 62

150 497 153 506 '
217 487 352 566 tbdlicae
367 501 520 564 Ecclesiae
538 501 691 562 Pastorem
710 501 743 562 in'
762 499 856 561 Nobis
876 495 1011 559 venerati
1030 493 1104 572 sint,
1128 495 1225 558 scitis.
1263 497 1349 572 Quos

108 599 114 614 ⁸
217 606 376 686 accepistis
397 625 432 664 es
453 603 492 664 de
512 623 547 662 re
567 603 705 680 nuntios,
733 605 754 664 ii
776 585 931 664 veritatem
957 619 1020 658 non
1046 610 1191 678 aequant,
1225 609 1349 660 tnnmm

215 710 314 784 abest,
342 718 377 768 ut
398 703 616 786 superaverint.
660 704 759 765 Nullis
779 704 858 764 enim
877 701 979 762 verbis
1000 702 1146 761 excitatae
1163 703 1252 782 apud
1277 703 1349 762 Gat-

215 811 263 872 los
284 807 447 886 Religionis
469 825 570 882 amor,
598 806 703 882 zetus,
724 805 900 868 exercitium
921 803 1050 884 exprimi
1070 813 1207 884 possunt.
1254 803 1351 863 Nise·

154 889 157 902 ¹
190 903 315 972 'rioors
337 909 475 992 proiecto
497 909 577 968 Deus
599 909 690 968 tontis
709 909 769 970 iter
791 909 823 970 in
846 907 973 966 Galliam
995 905 1137 966 Nostrum
1156 905 1349 966 benedictio·

215 1014 305 1077 nibus
333 1012 487 1071 cumulare
515 997 655 1089 dignatus
680 1021 745 1088 est,
774 997 820 1075 ut„
836 1009 938 1070 eodem
964 1006 1349 1084 itinerasshrisuudetium

215 1116 250 1176 in
265 1097 541 1193 Galliisspiritusli
563 1113 643 1173 bono
665 1131 756 1193 supra
778 1131 895 1170 omnem
908 1109 1034 1169 ¹modum
1055 1110 1348 1172 consultumrfuisse

216 1215 362 1298 Episcopi
382 1216 452 1296 ‘ipsi
481 1215 650 1296 saepissime
676 1215 825 1274 affirmare
852 1213 1160 1302 uomdubitaverint.
1203 1213 1272 1274 Nos
1294 1213 1347 1274 sd·
1427 1207 1428 1238 ³

203 1299 377 1409 missione,¹
395 1328 425 1378 et
443 1319 584 1399 adloquio
607 1317 746 1378 cunibus
768 1316 956 1388 satisfacere,
988 1316 1121 1375 omnium
1148 1331 1258 1396 preces
1275 1337 1348 1377 ‘an-

217 1419 303 1494 dira,
328 1439 403 1478 cum.
418 1419 481 1481 fieri
503 1421 619 1502 potuit,
641 1421 778 1500 explere,
800 1415 1006 1500 spiritualibus
1021 1418 1107 1477 malis
1123 1420 1256 1501 mederi,
1280 1415 1347 1482 ani-
1427 1453 1428 1500 3

216 1545 284 1584 mos
307 1521 346 1581 ad
365 1523 506 1603 pietatem
529 1542 637 1584 acuere
657 1507 1019 1602 numquamdebtitisnus.
1070 1520 1180 1581 Omnes
1203 1525 1345 1594 Lutetiae

214 1627 373 1696 ¹Paruecias
395 1628 569 1706 ictusictus,
597 1627 716 1705 ibique,
752 1624 796 1682 uti
819 1631 850 1682 et
872 1633 976 1702 postes
997 1621 1153 1701 Lugduni,
1176 1614 1271 1704 plura
1289 1611 1346 1684 ¹ho·

95 1767 97 1772 ·
220 1729 333 1790 minum
353 1729 445 1805 millis
467 1721 660 1790 eucharistico
684 1747 760 1808 pene
780 1725 843 1806 Ipsi
864 1725 1046 1798 refecimus.⁴
1071 1725 1246 1805 Hospitsles
1270 1727 1344 1788 item
1427 1715 1428 1804 l

94 1903 95 1906 Ἴ
220 1831 327 1893 domos
356 1831 533 1892 christianae
562 1831 703 1892 charitati
731 1847 800 1905 ergo
820 1827 955 1887 infirmos
983 1829 1182 1906 exercendae,
1213 1841 1270 1890 sut
1291 1831 1345 1888 Iu·
1427 1807 1428 1848 ἦ

220 1917 340 1998 ventuti
361 1934 576 1994 informandae
603 1953 720 2006 sacras,
750 1931 947 2016 visitavimus.
989 1931 1094 2010 Ingens
1115 1929 1346 1990 Catholicorum

219 2027 310 2105 turba
332 2037 394 2096 Nos
416 2037 529 2116 ubique
550 2034 780 2110 circumstabat,
803 2033 1003 2112 sequebatur,
1020 2033 1219 2112 deducebat,
1248 2055 1346 2094 susm·

216 2159 280 2222 que
307 2139 523 2199 benedictionis
554 2139 736 2218 apostolieae
765 2123 896 2198 sNobis
926 2131 1120 2218 accipiendae
1147 2136 1347 2218 cupiditatem

218 2263 384 2323 numquam
407 2243 478 2300 satis
496 2243 634 2321 explesse
655 2241 906 2302 sibi'videbatur.

305 2345 388 2418 Quid
420 2355 521 2406 autem
550 2345 588 2404 de
616 2345 854 2426 praeclarissimo
876 2342 1027 2404 Ecclesiae
1056 2341 1229 2402 Gallicanae
1258 2339 1345 2402 Glero
1427 2351 1428 2394 1

219 2426 383 2510 diesibus?
427 2447 489 2520 Qui
516 2447 609 2506 tentis
638 2449 670 2506 in
698 2447 759 2506 Nos
789 2445 897 2506 studiis
927 2446 1055 2522 exarsit,
1088 2448 1235 2525 cuiusque
1263 2453 1345 2504 tants
1418 2431 1428 2464 '³

220 2552 345 2611 suerunt
365 2549 397 2606 in
419 2546 481 2605 No's
502 2547 621 2624 merita,
654 2557 689 2607 ut
717 2548 755 2608 ad
776 2549 902 2608 Nostros
928 2549 1005 2626 greti
1033 2547 1124 2606 animi
1145 2567 1253 2609 sensus
1276 2565 1344 2624 erga

141 2672 147 2702 e
219 2651 306 2712 illum
329 2648 550 2728 expromendas
572 2669 667 2728 poene
688 2651 819 2731 impares
836 2637 965 2714 simus*¹
982 2651 1092 2710 Omnes
1106 2659 1204 2710 autam
1219 2647 1343 2712 dicendi
1427 2671 1428 2722 ᾗ

219 2753 300 2816 vires
316 2751 466 2811 excedunt
484 2771 586 2828 amor,
608 2753 707 2830 selus,
730 2754 900 2832 vigilantis,
922 2755 1025 2831 labor,
1049 2753 1174 2833 quibus,
1197 2741 1343 2834 Episcopi

219 2854 412 2938 praesertim,
434 2854 625 2932 commissum
646 2855 703 2916 sibi
725 2857 850 2935 Gregem
870 2866 1015 2938 pascunt,
1042 2865 1073 2916 et
1092 2853 1258 2934 Religioni,
1287 2873 1344 2914 cu·
1427 2911 1428 2916 ,

219 2958 269 3018 ius
289 2951 490 3016 Ministerium
514 2965 670 3044 exercent,
692 2959 804 3018 honori
824 2969 910 3037 sunt,
934 2959 1020 3038 eique
1039 2957 1238 3037 reverentiam
1262 2953 1344 3037 apud

220 3062 304 3142 ipsos
332 3060 414 3120 illius
442 3057 544 3119 hostes
566 3061 700 3140 apprime
725 3062 901 3124 conciliant.
944 3059 1036 3120 Cuius
1059 3059 1180 3139 quidem
1201 3061 1247 3120 rei
1274 3077 1342 3118 cum

220 3164 283 3222 Nos
312 3162 370 3243 ipsi
398 3173 488 3224 testes
517 3162 679 3241 fuerimus,
711 3163 783 3226 hinc
812 3144 920 3225 debitis
947 3163 1033 3223 illum
1063 3162 1212 3225 laudibus
1241 3179 1342 3222 corum
1427 3137 1428 3150 ἵ

221 3264 366 3325 Universa
387 3263 520 3324 Ecclesia
543 3265 711 3326 ornandum
734 3289 752 3326 a
775 3267 869 3327 Nobis
891 3285 953 3324 esse
975 3263 1080 3323 merito
1101 3250 1311 3352 iudicavimus,

308 3367 393 3439 Quae
418 3367 489 3428 item
511 3367 551 3428 ad
571 3367 673 3428 Nostri
694 3369 852 3429 Ministerii
879 3367 1012 3430 officium
1036 3369 1207 3448 pertinent,
1237 3367 1342 3448 sadans

220 3469 341 3530 Parisiis
371 3469 455 3530 obire
481 3489 545 3530 nou
574 3469 739 3536 omisimus.
783 3473 856 3533 Van.
887 3473 1007 3531 Fratres
1035 3469 1162 3530 Nostros
1190 3472 1218 3534 S.
1245 3471 1283 3530 ll.
1307 3467 1340 3528 E

221 3569 484 3650 cardinales‚,qui
502 3573 563 3633 Nos
584 3572 720 3634 comitati
741 3584 830 3648 sunt,
855 3585 886 3635 et
907 3577 983 3650 eoe‘,¹
1008 3573 1060 3652 qui
1080 3573 1215 3656 Lutetiae
1236 3591 1342 3634 mora-

218 3673 348 3763 bantur,
383 3673 417 3730 in
444 3672 660 3732 Consistorium
687 3681 878 3754 vocavimus,
913 3677 1101 3757 pileumque,
1130 3673 1341 3754 cardinalitiae

221 3774 382 3854 organas
404 3773 537 3850 insigna,
559 3774 710 3858 ceruam
731 3776 768 3835 aa
786 3779 897 3856 norroy
918 3759 1151 3858 srohtepiscbpo
1171 3773 1340 3848 ranetam,
1427 3829 1428 3832 γ

193 3952 195 3961 Ι
221 3897 277 3938 nec
308 3897 372 3936 uon
400 3875 555 3934 cardinali
588 3877 782 3938 Combnceres
810 3879 1045 3960 drobiepiscopo
1066 3880 1277 3956 Rotomagensi
1306 3895 1340 3935 sa

219 3981 424 4054 solemnitate,
446 3997 542 4057 eoque
562 3979 625 4039 ritu
646 3979 796 4053 dedimus,
819 4001 906 4061 quem
927 3982 1121 4062 Apostolicae
1143 3981 1340 4040 constitutio·
1427 3967 1428 3970 ¹

218 4105 273 4145 nes
299 4080 519 4165 praescribunt.
565 4079 710 4154 Vacantes
737 4085 887 4143 Ecclesiae
907 4087 994 4144 novis
1015 4084 1173 4165 Episcopis
1194 4080 1341 4154 instruxi,-

146 4217 151 4240 .
218 4207 302 4263 snus,
334 4203 463 4265 quorum
486 4183 602 4262 sliquos
623 4184 656 4242 in
677 4195 763 4244 vasto
787 4188 822 4256 S..
840 4185 963 4266 Sulpitii
984 4186 1110 4267 Templo
1131 4181 1341 4246 innumerabili

162 4277 168 4330 ¹
218 4293 429 4370 spectatorum
442 4287 638 4349 multitudine
656 4285 849 4370 circumsepti
863 4289 1110 4350 consecravimus.
1153 4268 1341 4352 reuertente
1427 4265 1428 4276 ἵ

1165 4607 1168 4622 ’
1203 4614 1209 4648 l
