2922 4930
213 365 279 434 ott

213 533 662 613 di'smmortiszaeiene,
694 552 771 617 ques
797 535 831 596 iu
861 535 964 617 Ilegee
994 539 1156 619 viguerunt
1182 555 1291 620 nsque
1312 539 1354 599 ad

158 639 161 656 '
212 633 293 697 bene
311 637 409 718 diem,
439 657 601 718 earumque
621 639 722 718 legum
742 641 916 730 creontioni
937 641 1029 704 etiem
1049 643 1082 702 in
1102 649 1267 723 posterum
1292 661 1352 722 pro

212 727 338 826 ceribus
366 739 501 802 nondum
532 743 763 821 consummatio,
799 752 831 804 et
850 741 1094 806 'conditionibus
1123 738 1265 804 nondum
1295 743 1353 802 im-

213 843 315 925 pletis.

298 947 389 1008 Nullo
410 945 632 1010 Fundetiounm
640 945 917 1010 Ecclesiesticet'unr
932 945 988 1007 liet·
998 947 1181 1028 suppressio,
1198 947 1349 1016 ‚antonio

213 1047 325 1130 ubsque
348 1049 523 1110 interventu
545 1049 730 1110 auctoritatis
749 1045 835 1108 Sedis
863 1049 1073 1129 Apostolicse,
1101 1051 1194 1112 salvis
1216 1049 1349 1111 Incultu-

212 1153 294 1214 tibue
314 1171 332 1210 e
352 1153 446 1212 deero
459 1153 594 1212 Concilio
614 1149 792 1214 Tridentino
813 1149 971 1232 Episcopie
998 1153 1145 1215 tributie.'

266 1286 268 1298 ·
298 1254 375 1316 Art.
398 1253 479 1320 XVI.
524 1253 625 1330 Quum
647 1255 802 1314 luctuosae
819 1260 991 1335 temporum
1013 1251 1263 1328 circumstantiae
1285 1275 1345 1314 non

213 1358 370 1442 potientur
389 1355 616 1418 Ecclesiasticus
638 1345 834 1436 exemptione
851 1375 868 1415 s
884 1355 1019 1438 publicis
1040 1357 1146 1436 regiis,
1167 1365 1198 1416 et
1221 1355 1345 1416 Civite-

212 1461 253 1522 tie
275 1459 415 1522 oneribus
437 1459 583 1537 gaudere,
612 1457 751 1540 liujeetes
779 1459 839 1518 Sus
869 1459 1034 1540 pollicetur
1053 1461 1180 1521 ebusum
1202 1459 1344 1539 superio-

213 1563 299 1626 ribus
319 1561 507 1643 temporibus
529 1561 562 1624 iu
583 1563 684 1640 Regno
706 1561 933 1642 introductum,
961 1580 1022 1642 qno
1045 1562 1271 1640 EcclesiasticI,
1293 1581 1341 1622 eo·

80 1675 84 1680 '
214 1682 344 1746 rumque
368 1665 449 1725 bons
465 1663 640 1724 durioribus
661 1663 742 1724 taxis
756 1683 830 1746 pree
851 1665 948 1724 Laicis
965 1665 1260 1746 praegravabantur,
1282 1683 1340 1722 ees·

213 1778 367 1829 saturum:
396 1765 471 1846 quin
495 1765 558 1825 imo
585 1785 654 1825 cum
681 1787 737 1848 per
758 1767 892 1828 feliciora
913 1775 1049 1848 tempore
1078 1769 1183 1826 Status
1205 1764 1337 1825 conditio

214 1868 390 1950 prosperior
424 1865 550 1944 evadet,
585 1867 676 1948 Regis
709 1869 858 1953 Majeetus
874 1861 1089 1949 largitionibus
1114 1871 1204 1930 Clero
1233 1868 1336 1950 opitu-

212 1971 336 2032 labitur.

301 2051 377 2134 nrt.
399 2071 492 2135 xvtt.
536 2069 623 2134 llous
646 2073 949 2135 Frumeutarius
977 2084 1186 2154 nuncupatus,
1211 2073 1330 2154 Neapoli

214 2185 331 2238 erectus
338 2221 347 2252 ,
376 2175 440 2236 eive
468 2175 549 2254 regia
576 2175 754 2236 Procnretio
781 2177 969 2258 spoliorum,
1002 2187 1033 2238 et
1052 2177 1203 2238 redituum
1224 2178 1328 2236 Ideues

212 2299 282 2340 rum
311 2277 550 2359 Episcopelium,
566 2277 798 2359 ,Abbatiarum,
825 2279 1013 2360 aliorumque
1044 2279 1251 2342 beneficiorum
1276 2297 1325 2335 ra-

182 2426 185 2449 ,
213 2379 354 2442 cantium'
369 2379 579 2459 supprimitur.

275 2499 278 2511 ·
298 2481 358 2543 vix
380 2501 460 2540 nova
483 2481 670 2542 Dioeoesium
678 2481 979 2564 *circumscriptione
994 2493 1129 2564 perroto,
1147 2483 1175 2542 in
1195 2477 1314 2560 qutltbsi

123 2643 126 2660 ,
212 2605 318 2649 earnm
339 2585 563 2656 constituentur
575 2585 858 2646 AdmInIstretiouee
879 2587 1091 2666 Dioecesnnes,
1115 2603 1234 2665 quarum
1250 2599 1319 2642 uns·

213 2707 349 2769 quaeque
378 2687 526 2748 constabit
554 2689 674 2748 dnobus
704 2689 858 2748 canonicis
886 2689 1066 2771 aCapitqu
1088 2707 1142 2749 eeu
1162 2681 1327 2765 metropoli-¹
1429 2663 1430 2714 l

212 2782 299 2867 leno,
329 2809 383 2849 eeu
405 2771 572 2850 cathedrali
593 2791 683 2852 tertio
706 2809 826 2870 qnoque
848 2809 927 2850 anuo
955 2813 1011 2872 per
1037 2789 1247 2868 euffrsgiornm
1266 2785 1325 2867 plu·

94 2904 97 2923 ¹
212 2895 365 2955 relitutem
386 2891 597 2970 eligendis,·ac
618 2893 817 2973 renovendie,
839 2903 868 2956 et
882 2917 899 2955 a
912 2893 1003 2976 Regio
1019 2895 1227 2982 Procurator-e,
1249 2905 1327 2971 quen
1428 2939 1429 2985 ᾖ

213 2996 354 3078 blejeetee
376 2995 437 3054 Sue
458 2989 634 3054 nominabit.
718 3043 722 3054 .
942 3069 944 3078 Ι
1070 3009 1072 3016 ’

299 3097 430 3158 Cuilibet
461 3093 714 3174 congregationi,
751 3115 805 3159 seu
839 3097 1102 3161 Administratiou'i
1135 3097 1328 3156 Ilioeeesenee
1427 3163 1428 3168 η

211 3199 396 3285 praesidebit
420 3197 603 3279 Episcopus,
632 3205 685 3256 aut
711 3197 776 3279 ejus
796 3199 934 3262 Viourius
956 3201 1129 3278 Generalis,
1156 3199 1237 3264 Sede
1263 3215 1327 3261 veto

212 3313 339 3366 recente
360 3299 496 3362 Vic'orine
516 3299 708 3380 Capitularis.
1030 3377 1033 3395 1

298 3403 495 3478 Ordinutius,
517 3409 548 3462 et
567 3401 658 3480 Ilegis
678 3403 814 3484 Majestas
835 3425 891 3485 per
909 3422 999 3466 enum
1019 3398 1251 3482 Administrntn,
1274 3401 1329 3465 col·
1426 3427 1427 3456 1

210 3507 281 3568 Istis
304 3497 453 3579 consiliis,
475 3504 593 3565 fructus
615 3523 654 3565 ex
675 3507 857 3588 supradictis
877 3509 1034 3570 beneficiis
1063 3509 1246 3569 vacantibus
1269 3523 1330 3589 peo-

211 3620 315 3712 septos
335 3608 370 3668 in
390 3609 526 3700 levorem
547 3609 764 3689 Ecclesiururn,
786 3611 1006 3692 Ilospiteliunt,
1029 3613 1282 3687 Seminerierutn,
1301 3609 1331 3668 iu
1425 3691 1426 3696 ἵ

210 3710 343 3774 subsidia
364 3709 534 3787 uberitntis,
556 3719 587 3774 et
608 3711 640 3772 in
663 3713 738 3773 elios
759 3733 832 3774 usne
854 3715 921 3796 pios
942 3715 1124 3794 erogebnut,
1148 3723 1269 3775 servste
1291 3721 1332 3771 ta·

209 3833 279 3877 men
304 3811 427 3882 dimidia
448 3821 536 3894 porte
556 3813 710 3874 redituum
731 3815 901 3878 Mensarum
923 3817 1142 3905 episcopalium
1161 3815 1331 3878 vemutinn
1424 3889 1425 3896 ἵ

210 3937 271 3999 pro
292 3917 399 3992 futuro
420 3916 592 3978 earumdem
619 3917 782 3998 Episcopo.
1424 3921 1425 4002 J

293 4019 387 4100 Regia
408 4019 608 4101 praescriptio
630 4017 728 4080 sdbuo
750 4019 874 4100 vigens,
901 4019 934 4080 vi
963 4022 1050 4104 cujus
1078 4023 1167 4084 tertie
1190 4039 1271 4102 pers
1289 4037 1332 4080 re·
1424 4005 1425 4034 ³

210 4121 329 4184 dituum
350 4123 519 4184 Mensarum
541 4123 778 4204 episcopellum,
800 4131 831 4184 et
844 4123 1055 4184 beneficiorum
1075 4125 1135 4211 sub
1154 4121 1332 4204 eppelletio-

88 4285 92 4292 .
210 4225 1026 4308 'steTertii-I’sneionabilisspudenprudicti
1052 4227 1163 4288 IIontie
1190 4226 1332 4286 Frumen·
1423 4243 1424 4272 t

212 4327 283 4392 terii
312 4327 589 4392 Administrstorem
616 4329 840 4412 deponebatur,
865 4349 921 4411 per
948 4339 1133 4414 praesentem
1161 4327 1330 4390 &ticulum
1422 4419 1423 4434 χ
