2970 4942
1101 331 1106 395 3
1211 379 1274 442 eor

156 539 303 606 adversus
322 559 370 602 ass
382 519 588 605 ¹restitutionis
608 543 640 604 ils
658 543 816 621 ntegrum,
838 541 1011 626 spelitionis
1033 545 1104 623 oris,
1125 545 1178 606 abt
1201 541 1284 606 aliud

156 647 372 728 quodcumque
393 645 481 723 juris,
510 647 559 708 uel
580 645 673 723 lacti,
706 658 758 707 out
775 636 911 728 justitiae
931 644 1093 707 remedium
1119 649 1283 730 impetrari,

156 758 211 809 sut
239 747 295 808 sub
326 747 481 826 quibusvis
510 747 671 810 contrariis
700 747 987 826 constitutionibus,
1022 747 1285 829 descensionibus,

156 849 428 932 Suspenaionsbus,
449 849 694 936 limitationibns,
719 824 979 929 derog‘ationlbus,
1004 847 1285 940 modificationibus,

157 941 371 1030 decretis,sut
392 951 647 1014 declarationibus
669 951 864 1032 genemlibus,
889 953 938 1014 rel
959 953 1137 1033 specialibus
1160 973 1286 1034 quomo.

156 1053 276 1116 dolibet
295 1053 382 1114 lectis
404 1052 525 1114 minime
546 1075 635 1136 posse
659 1055 893 1137 comprehendi,
933 1051 985 1114 sed
1014 1075 1133 1136 semper
1159 1055 1196 1115 ab
1223 1055 1285 1117 illis

157 1166 298 1236 exceptus
319 1173 399 1230 esse,
426 1165 456 1214 et
477 1156 560 1239 lore,
590 1179 626 1219 ιο
646 1166 797 1239 tcmqnurn
821 1177 859 1216 ex
884 1155 1054 1218 Pontificius
1078 1157 1285 1238 providentiae

158 1259 277 1335 Officio,
300 1265 389 1318 certa·
402 1257 535 1336 scientie,
558 1270 588 1320 et
608 1263 765 1342 potestatis
789 1259 977 1343 plenitudine
991 1261 1109 1322 Nostris
1129 1261 1232 1338 factas,
1256 1269 1286 1321 et

157 1369 308 1422 cononatus
330 1359 501 1420 omnimoda
521 1361 661 1450 firmitate
681 1373 831 1445 perpetuo
853 1363 979 1438 validas,
1001 1373 1032 1426 et
1055 1359 1191 1424 efficaces
1223 1381 1285 1424 cx-

155 1464 264 1537 istere,
291 1472 322 1522 et
342 1461 424 1539 sura,
448 1483 579 1544 suosque
598 1467 748 1548 plenarios
770 1477 800 1528 et
822 1468 955 1546 integros
978 1467 1100 1526 effectus
1131 1465 1234 1526 sortiri
1255 1471 1286 1527 et

150 1567 307 1642 obtinere,
339 1585 374 1624 uu
395 1565 432 1625 ab
455 1569 611 1645 omnibus,
647 1571 684 1628 sd
707 1559 784 1650 ipuos
804 1580 917 1650 spectat
940 1579 970 1630 et
991 1567 1138 1649 spectabit
1160 1589 1285 1649 quomo.

156 1667 274 1728 dolsbet
294 1669 325 1728 in
348 1667 500 1746 futurum,
521 1675 665 1751 perpetuo
688 1683 724 1738 et¹
738 1670 953 1733 inviolabiliter
975 1671 1147 1746 observari,
1179 1691 1213 1731 ac
1235 1691 1286 1732 su·

73 1782 78 1796 '
155 1771 366 1853 predictarum
389 1771 589 1834 Ecclesinrum
611 1771 778 1855 Episcopis,
803 1759 1017 1855 etcopitulis,
1042 1763 1180 1854 aliisque,
1204 1795 1285 1854 quo·
1325 1805 1334 1827 ι

106 1939 108 1946 ,
156 1894 224 1933 rum
246 1873 382 1932 favorem
402 1885 572 1954 praesentes
595 1875 719 1937 Nostrae
741 1877 869 1936 litterae
889 1883 1093 1951 concernunt,
1132 1877 1285 1956 perpetuis

157 1975 268 2036 futuris
289 1975 474 2055 temporibus
496 1975 666 2056 plenissime
688 1977 843 2057 suffragari
865 1977 989 2056 debere,
1026 1969 1205 2057 eosdemque
1235 2000 1285 2039 su-

155 2099 215 2162 per
235 2076 403 2160 praemissis
424 2079 581 2154 omnibus,
616 2087 646 2140 et
667 2081 805 2159 singulis,
836 2081 885 2146 vel
906 2081 1027 2139 illorum
1052 2101 1141 2140 ceusu
1164 2079 1200 2138 nb
1223 2081 1285 2140 nli-

157 2175 266 2262 quibus
294 2179 401 2260 quevis
435 2181 611 2241 auctoritate
637 2181 828 2260 iungentibus
866 2177 1093 2262 quomodolibet
1120 2181 1309 2262 molesteris

155 2283 338 2365 perturbari,
361 2271 530 2377 inquietari,
553 2283 601 2344 vel
622 2283 778 2364 impediri,
802 2305 900 2364 neque
921 2271 1209 2379 adprobationem,
1232 2305 1285 2344 seu

156 2384 391 2446 verisrcstionem
407 2387 670 2466 ‘quorumcumque
690 2387 721 2444 in
741 2385 852 2445 eisdem
868 2387 1074 2468 pssesentibus
1092 2395 1284 2449 narratorum

156 2489 327 2549 nullatenus
349 2503 480 2569 unquam
502 2491 609 2569 teneri,
631 2507 729 2569 neque
751 2489 789 2548 sd
810 2489 842 2550 id
863 2491 895 2549 in
910 2479 1027 2551 iudicio
1051 2491 1100 2567 a'el
1122 2499 1208 2551 estre
1230 2510 1285 2550 co·

156 2593 203 2672 gi,
225 2613 279 2652 seu
302 2593 443 2672 compelli
467 2611 569 2672 posse3
606 2593 679 2653 etsi
702 2593 968 2674 secussuperbis
990 2615 1008 2654 ι
1029 2610 1183 2674 quoquam
1212 2613 1285 2674 qua-

156 2695 203 2757 vis
221 2697 398 2756 auctoritate
419 2692 561 2773 scienter,
582 2695 643 2756 ,vel
665 2695 839 2774 ignoranter
869 2697 1028 2776 contigerit
1050 2695 1209 2774 attentari,
1242 2693 1285 2755 ir.

155 2799 266 2874 ritum,
296 2805 327 2857 et
347 2815 473 2877 prorsus
492 2795 582 2859 inens
604 2817 681 2874 asse,
717 2819 753 2859 ιο
774 2800 840 2860 sore
868 2799 1025 2901 uolumus,
1058 2809 1149 2879 atque
1179 2797 1284 2860 decer-

155 2921 265 2963 nnnus.
444 2967 447 2978 ,
697 2952 700 2964 .

240 3003 309 3063 Non
337 3003 523 3064 obstantibus
552 3001 589 3063 de
616 3003 689 3084 jure.
717 3003 853 3084 quaesito
884 3023 946 3064 non
969 2982 1110 3064 ¹tollendo
1146 3001 1185 3062 de
1211 3021 1284 3084 sup-

155 3107 362 3187 pressionibus
390 3105 610 3166 committendis
640 3107 800 3187 adportes
823 3105 956 3191 vocatia,
990 3125 1119 3185 quorum
1149 3087 1284 3180 interest,

156 3207 282 3286 aliisque
303 3209 420 3267 Nostris
445 3218 475 3266 et
492 3207 692 3267 cancellariae
717 3207 908 3288 Apostolicas
929 3197 1050 3284 regulis,¹
1072 3225 1210 3266 necnon
1234 3205 1283 3265 di·

156 3319 272 3368 ctarum
296 3310 498 3371 Ecclesinrum
521 3311 609 3369 etiam
633 3309 857 3370 confirmatione
878 3308 1083 3390 Apostolios,'
1105 3307 1156 3388 vel
1177 3308 1285 3388 mmsis

154 3409 294 3478 firmitate
316 3413 373 3471 ulia
394 3411 553 3498 roboretis,
577 3413 714 3490 statutis,
743 3423 773 3473 et
794 3409 1080 3488 consuetudinibus,
1110 3410 1198 3470 etiam
1219 3405 1286 3470 im-'

155 3511 413 3589 memorabilibus,
447 3511 612 3595 privilegiis
634 3533 767 3594 quoque,
801 3513 945 3589 lndultis,
983 3522 1013 3572 et
1035 3511 1283 3574 concessionibus

147 3615 293 3696 'quamvis
315 3615 474 3698 specilica,
507 3625 536 3678 et
555 3615 713 3676 individuo
745 3615 894 3676 mentione
921 3605 1034 3694 dignis,
1075 3615 1281 3696 omnibusque,

155 3725 189 3777 et
209 3717 336 3797 singulis
361 3719 559 3800 Apostolicis,
592 3739 628 3778 sc
653 3717 686 3778 in
707 3717 923 3797 Synodolibus,
959 3715 1216 3792 Prouincialibus,
1254 3725 1283 3778 et

154 3819 380 3882 Universslibus
402 3821 543 3882 conciliis
565 3823 671 3897 editis,
701 3819 896 3901 specialibus,
922 3819 972 3880 vel
993 3819 1182 3898 generalibus
1205 3819 1283 3878 con-

156 3915 381 4001 stitutionibus,
412 3934 442 3985 et
464 3923 724 3985 ordinationibus:
757 3921 874 3996 Quibus
899 3921 1052 3999 omnibus,
1085 3929 1116 3982 et
1147 3919 1283 3999 singulis,

155 4043 321 4106 eurumque
343 4027 415 4088 totis
435 4029 590 4090 tenoribus
613 4049 649 4088 ιο
667 4019 795 4104 formis,
813 4023 926 4084 etiamsi
948 4023 1101 4104 specialis,
1132 4023 1284 4105 specifice,

155 4135 187 4186 et
207 4127 364 4190 individua
390 4133 519 4210 mentio,
553 4109 609 4192 seu
631 4129 754 4210 quaevis
779 4127 836 4188 sliu
864 4127 1018 4206 expressio
1038 4125 1195 4203 habenda,
1231 4133 1283 4184 sut

115 4241 119 4250 ’
155 4219 256 4310 aliquo
278 4233 335 4292 slis
359 4233 507 4314 exquisita
529 4233 626 4293 forma
648 4233 687 4293 ud
707 4231 768 4291 hoo
789 4231 940 4291 servande
962 4229 1058 4304 foret,
1096 4229 1218 4288 illorum
1238 4236 1282 4286 ta·

153 4353 245 4395 norea
267 4355 304 4396 ιο
324 4335 351 4397 si
371 4335 410 4400 ds
430 4337 525 4400 verbo
543 4335 583 4398 sd
604 4333 728 4398 verbum
749 4333 800 4423 nil,¹
811 4331 933 4417 penitus
960 4331 1089 4407 omisso,
1126 4339 1155 4392 et
1184 4329 1282 4391 forms

1009 4433 1075 4500 20*
