2958 4938
166 381 366 452 ,ἥγ’

228 551 316 632 Regis
336 549 481 614 nunnae
497 547 558 614 tte·
585 547 903 636 dfflitsrsfnnm'u'u,
924 549 1007 630 qast
1027 547 1245 631 mentionem
1260 551 1338 614 ln-

228 653 383 719 dstionuut
401 651 452 714 vel
474 649 700 731 olsrgitionnsu,
728 655 805 730 quis
828 651 863 712 in
890 651 1025 718 locoru
1044 651 1170 716 intonsos
1195 654 1339 716 ecclsia-

227 775 294 828 ωσι
314 753 380 813 tisri
402 753 580 831 contigerit,
606 753 652 813 uti
673 763 703 812 et
726 751 974 834 acquisitionum,
1002 773 1079 832 quse
1099 753 1136 812 sb
1158 753 1263 818 Mem
1281 775 1338 822 cc-‚
1411 821 1417 830 ,

229 856 328 918 clesiis
346 853 413 916 fieri
433 864 599 936 pascunt,
613 853 751 935 bisinam
771 871 826 916 sua
845 875 910 916 non
930 855 971 914 sit
990 863 1174 936 susceptura

239 1007 243 1016 ·
311 975 414 1036 Restst
435 987 528 1053 nunc,
549 984 587 1034 nr
601 963 757 1054 plurimos*
775 973 897 1033 domino
925 973 987 1035 Deo
1009 969 1110 1034 nostro
1140 977 1248 1054 gratias
1270 997 1338 1056 aga·

136 1085 158 1106 ’·
226 1097 292 1138 rnus
314 1074 439 1158 propter
452 1075 508 1152 id,
527 1070 610 1155 qnod
631 1073 774 1136 bectenus
795 1093 853 1156 pro
874 1077 1082 1136 ecclesiasticis
1104 1077 1195 1138 rebus
1217 1078 1249 1137 in
1270 1079 1339 1138 nni-

218 1159 313 1242 'verao
333 1197 424 1259 regno
444 1175 756 1258 belgicoordinandis
772 1185 871 1236 aetum
885 1187 938 1255 eat,
962 1195 1087 1258 eumque
1099 1179 1194 1238 enisis
1209 1179 1339 1244 obteste-

225 1299 294 1342 mur
311 1279 467 1362 precibus,
497 1279 678 1359 ut'itl-ipse
705 1275 861 1338 confirmet
889 1278 1075 1359 solidetque:
1105 1301 1213 1344 omne
1239 1283 1339 1343 enim

227 1384 361 1447 datum
395 1383 599 1462 optimum,
635 1389 675 1442 et
698 1396 821 1446 ,omns
863 1377 1003 1443 donum
1038 1383 1260 1463 perfeetum
1294 1383 1339 1443 tle

227 1503 381 1548 sursum
403 1492 477 1544 este
504 1481 722 1564 usqueqni
749 1482 905 1562 plantat
932 1492 992 1542 est
1013 1483 1187 1564 sliqnirl,
1215 1503 1339 1566 neque

227 1587 433 1670 quirigat,
465 1585 531 1644 ssd
554 1585 623 1665 qui
649 1583 934 1644 incrementum
963 1583 1154 1647 dotllons.
1261 1579 1267 1584 ⁵

310 1705 508 1764 Decernentea
529 1701 582 1764 bss
604 1713 773 1784 praesentes
800 1703 915 1764 litteras
942 1704 1027 1766 nullo
1053 1725 1185 1784 unqusm
1204 1712 1338 1784 tempore

226 1807 264 1868 (le
289 1805 507 1886 subreptionis,
529 1817 560 1866 et
581 1805 785 1888 obreptionis,
814 1814 866 1864 aut
879 1805 1031 1884 ¹nullitutis
1044 1799 1144 1884 ¹uitio,
1162 1803 1227 1874 ,vel
1243 1805 1339 1863 inten-

225 1909 316 1970 tionis
338 1909 480 1986 Nostros,
514 1915 567 1968 snt
583 1905 647 1968 elio
670 1923 859 1987 quocumque
880 1906 1000 1968 deiectu
1020 1907 1119 1970 notari
1132 1921 1135 1928 ’
1148 1907 1197 1968 vel
1217 1907 1339 2004 impug-

225 2011 292 2071 nari
312 2031 415 2091 posse,
437 2011 489 2072 sed
510 2029 628 2090 semper
649 2007 761 2084 llrmss,
774 1999 917 2084 ¹relidas,
949 2020 979 2069 et
999 2003 1132 2070 efficaces
1153 2010 1288 2101 existere,
1308 2018 1339 2070 et

226 2117 454 2191 lore‚.suosquo
475 2111 640 2194 plenarios,
668 2121 697 2170 et
717 2111 847 2189 integros
873 2109 1000 2182 effectus,
1019 2109 1120 2172 sortiri
1144 2123 1173 2174 et
1188 2113 1338 2192 ,obtinere

226 2239 262 2278 sc
282 2215 495 2284 inviolabiliter
517 2214 669 2275 observtri
698 2213 819 2290 debere,
849 2211 916 2272 Non
943 2211 1130 2274 obstantibus
1157 2213 1339 2296 apostolicis,

226 2339 262 2379 ac
280 2317 312 2378 in
333 2317 538 2398 spondalibus,
560 2313 805 2398 provincialibus,
827 2324 857 2374 et
877 2313 1098 2376 universalibus
1119 2317 1254 2377 conciliis
1275 2315 1338 2375 edi.

225 2425 265 2482 tis
275 2421 471 2500 generalibus,
487 2413 536 2478 'vel
552 2401 740 2500 specialibus,
757 2415 1028 2501 constitutionibus,
1042 2424 1074 2480 'et
1089 2418 1334 2496 ordinationibus,

216 2517 282 2583 ‘nee
304 2543 365 2583 non
390 2529 645 2604 quarumcumque
656 2513 859 2594 ecclesiarum,
882 2530 911 2578 et
925 2521 1042 2599 piorum
1057 2521 1193 2582 locorum
1207 2519 1335 2596 statutis,

227 2633 257 2684 et
273 2609 439 2702 privilegiis
455 2623 578 2702 aliisque
591 2621 749 2682 contrariis
763 2619 1011 2702 quibuscumque.
1044 2623 1097 2684 llis
1112 2625 1190 2684 enim
1200 2621 1352 2688 omnibus,

225 2723 346 2784 temetsi
376 2745 433 2804 pro
467 2723 626 2785 sufficienti
657 2721 778 2792 illorum
809 2721 1000 2801 derogatione
1036 2725 1174 2806 specialis
1202 2723 1339 2784 socienda

225 2825 337 2884 mentio
358 2835 444 2904 esset,
464 2827 515 2886 vel
536 2827 594 2885 alia
617 2823 766 2904 exquisite
789 2825 885 2885 sornaa
907 2807 1063 2900 sorbendo,
1086 2835 1232 2910 quatenus
1252 2836 1341 2908 p'roe·

224 2925 324 2987 missis
345 2925 463 2986 obstare
485 2927 584 3006 sliquo
605 2925 695 2986 modo
716 2925 850 3006 possint,
879 2947 1017 3016 expresse
1039 2925 1226 3012 peregrinus.
1269 2928 1341 2988 Irri-

154 3020 157 3028 ’
226 3039 290 3089 tum
312 3045 429 3110 qnoque
450 3037 479 3089 et
500 3030 588 3089 inane
608 3027 804 3108 decernimus,
825 3031 850 3088 si
868 3045 953 3088 secus
968 3046 1059 3109 snper
1076 3029 1126 3089 bis
1148 3051 1166 3088 ι
1188 3047 1363 3114 ιμιοφιιιιιΙ

226 3122 340 3213 quevis
355 3131 531 3192 auctoritate
554 3131 683 3192 scienter
703 3131 754 3192 vel
781 3119 953 3210 ignoranter
975 3132 1131 3210 contigerit
1148 3131 1297 3197 attentari.

310 3247 458 3310 Volumus
480 3259 590 3330 autem,
613 3257 646 3308 ut
667 3249 773 3310 barum
798 3251 1148 3334 litterarum'exernplis,
1170 3251 1259 3312 etism
1279 3252 1340 3311 ins-

225 3347 354 3434 preasla,
376 3372 526 3434 manuque
546 3351 664 3433 publici
685 3353 793 3444 notarii
823 3353 1015 3434 subscriptis,
1046 3363 1075 3412 ct
1100 3373 1158 3434 per
1175 3350 1339 3444 constitu:

121 3472 125 3482 ·
225 3464 292 3513 turn
313 3453 343 3513 in
369 3455 570 3516 ecclesiastica
592 3455 735 3534 dignitate
757 3455 854 3514 virum
877 3475 931 3514 suc
952 3453 1047 3532 sigillo
1069 3453 1208 3528 munitis,
1237 3450 1340 3514 eadem

226 3553 372 3615 habeatur
399 3555 488 3628 fides,
519 3576 594 3634 quse
622 3567 742 3616 nostrae
769 3555 935 3616 voluntatis
963 3555 1170 3636 significationi
1191 3558 1258 3638 ipso
1280 3557 1339 3632 hoc

228 3655 391 3738 diplomate
411 3657 546 3736 ostenso,
567 3655 736 3720 baberetur.

311 3775 395 3836 Nulli
416 3797 486 3856 argo
508 3779 628 3838 omniuo
650 3776 806 3838 bominum
827 3777 918 3838 liceat
936 3775 1017 3840 hunc
1037 3777 1199 3860 yoluntatis
1218 3785 1339 3837 nostrae

226 3875 364 3958 paginam
386 3875 574 3956 infringere,
591 3881 641 3942 vel
672 3879 699 3938 ei
716 3897 802 3938 ausu
829 3880 986 3948 temerario
1013 3879 1171 3942 conuulso.
1218 3877 1249 3938 si
1267 3877 1338 3954 quia

228 3988 326 4038 auton
348 3975 407 4036 boe
434 3989 580 4045 ettentsre
609 3980 843 4062 praesumpserit
869 3980 1100 4060 indignationem
1127 3978 1338 4064 ompipotsntis

48 4071 51 4078 '
107 4111 128 4174 .'
227 4078 301 4156 Dei,
331 4097 369 4138 oc
385 4077 541 4144 beatorum
563 4083 646 4144 Patri
667 4093 697 4144 et
716 4083 802 4146 rani
822 4084 1030 4168 apostolorum
1059 4083 1140 4164 ejus,
1169 4079 1340 4158 consterit

227 4181 429 4244 incursurum.

311 4300 422 4365 uatum
457 4301 570 4366 Romus
611 4301 694 4386 opud
734 4307 878 4373 Sanctum
907 4303 1029 4376 Petrum
1051 4317 1151 4364 osone
1195 4299 1341 4363 inmus-

432 4431 451 4468 ,
