2900 4938
1203 351 1247 416 59

112 503 251 584 gaudere
279 525 343 567 non
369 509 465 570 licuit
509 477 725 572 Ardentissidso
745 511 824 572 anim
840 505 998 574 desiderio
1017 476 1264 596 impsumsmm'

113 610 155 670 ad
178 609 397 704 Imperatorem
426 613 683 690 conveniendum,
720 624 749 676 et
769 614 1029 692 inaugurandum,
1061 628 1249 696 pertractari

113 681 220 790 daqsio
250 732 320 774 cum
344 715 392 774 Eo
420 716 584 814 Religionis
613 694 750 794 negotia,
786 735 861 795 quas
890 715 930 776 cb
958 735 1007 774 res
1036 728 1153 784 tanton
1171 723 1249 796 iter,
1277 735 1278 748 ¹

113 833 199 874 omns
222 809 402 876 difficultate
421 815 613 898 posthabita,
638 835 875 897 susceperamus·
1248 815 1253 834 ’

203 918 298 978 Recte
325 916 455 1010 igitur
446 941 478 980 sn
498 919 619 996 Fontis,
646 929 681 978 ut
702 918 834 996 dicitur,
862 900 1017 998 Bellaquei
1039 917 1149 982 Arcem
1177 943 1250 984 con-

112 1017 287 1094 tendimus,
316 1020 370 1080 ubi
398 1018 614 1101 potentissimi,
642 1021 844 1101 Ndetrumque
875 1022 1069 1092 amantissimi
1099 1025 1250 1105 Principia

114 1119 266 1200 adspectu
295 1117 562 1203 complexibusque
592 1123 651 1184 frui
682 1124 810 1203 denique
830 1125 924 1196 Nobis
943 1125 1046 1184 datam
1069 1125 1136 1190 tuis.
1180 1125 1251 1202 Qua

112 1223 296 1303 voluptate,
327 1207 391 1304 qud
411 1226 520 1304 gaudio
543 1226 686 1306 completi
707 1245 810 1286 sumus
831 1229 930 1305 primo
952 1227 1007 1286 illo
1029 1227 1093 1288 eins
1113 1227 1249 1307 Impera·

113 1325 193 1386 toris
215 1347 363 1406 occursu,
387 1327 472 1386 caius
488 1328 603 1390 Nessea
624 1328 697 1390 lines
718 1331 880 1410 Terrarum
903 1329 1025 1388 ultimos
1046 1333 1196 1409 pervasit,
1220 1341 1252 1392 et

115 1411 206 1488 cuius
234 1449 328 1515 operp
349 1430 430 1490 Deua
459 1449 532 1492 usus
554 1439 617 1507 est,
647 1441 683 1490 ut
705 1431 855 1492 Catholica
880 1431 994 1510 Religio
1015 1431 1047 1490 in
1072 1433 1167 1494 Gallis
1190 1453 1250 1513 pu-

114 1528 230 1590 blicam
258 1551 366 1593 rursus
401 1527 435 1592 in
453 1534 563 1594 'hscem
593 1534 778 1612 emergeret!
820 1535 897 1595 Eum
926 1534 1065 1612 prolecto
1091 1534 1189 1610 diem,
1220 1545 1269 1612 et,

116 1651 195 1712 quos
218 1633 295 1693 alios
316 1633 350 1694 in
370 1636 451 1696 Arce
471 1637 577 1698 Fontis
598 1637 769 1716 liellaquei,¹
791 1635 933 1698 suadente
954 1635 1170 1696 humanissimo
1189 1626 1247 1721 lan¹
1305 1689 1308 1696 ,

114 1745 280 1814 peratore,
313 1739 530 1818 transegimus,
546 1746 548 1754 '
566 1747 600 1800 at
630 1739 667 1800 ab
697 1737 812 1799 itineris
845 1739 1051 1800 incommodo¹
1066 1739 1249 1818 leraromsu‘,

115 1838 260 1915 memori,
283 1841 514 1921 gratissimoque
532 1861 648 1922 semper
669 1838 972 1902 animorecolemua.
1038 1863 1040 1870 ·

188 1941 343 2010 ¹Praelata
367 1963 404 2003 ox
424 1945 518 2020 Arce,
542 1943 596 2018 ubi
610 1943 771 2002 maximam
786 1939 983 2022 Imperatoris
999 1942 1249 2024 benevolentiam,

117 2051 148 2102 et
168 2043 404 2106 munificentiam
426 2045 558 2124 experti,
586 2045 785 2124 admiratique
806 2065 926 2120 sumas,
948 2045 1097 2106 Lutetiam
1120 2047 1260 2108 Perisio⁸¹

91 2225 93 2228 v
117 2163 190 2204 rum
211 2165 272 2204 uns
292 2147 487 2227 perreximus.
529 2146 577 2206 lbi
604 2129 744 2207 condicta
766 2147 815 2206 die
844 2150 938 2225 (quae
957 2147 1171 2230 inituseounda
1192 2149 1251 2210 ile·

120 2247 263 2326 cerebris,
291 2251 456 2330 eademque
483 2239 580 2330 pririsa
603 2249 768 2308 Adventus*
785 2245 952 2330 Dominics)
979 2250 1251 2329 imperatoris,=et

118 2353 292 2414 carissimae
319 2353 353 2414 in
383 2351 504 2412 Christo
533 2338 625 2410 Filiae
645 2352 771 2412 Nostrae
791 2349 986 2428 Joseplsirsae,
1024 2341 1252 2431 optimae'Eius

120 2453 280 2534 Coniugis,
301 2455 382 2516 inter
395 2455 479 2516 illius
494 2453 648 2531 Civitatis,
669 2454 820 2536 totiusqpe
834 2453 969 2530 Galliae,
992 2454 1147 2532 quaesitis
1165 2458 1250 2535 quasi

118 2557 243 2618 sedibus
271 2569 353 2619 moto
383 2559 457 2618 illuc
485 2557 695 2634 commigrasse
722 2555 898 2632 videbatur,
937 2555 1116 2636 ovationes,
1135 2558 1251 2638 ingenti
1310 2563 1313 2570 ’
1374 2633 1375 2636 ¹

119 2679 212 2740 supra
233 2661 359 2720 modum
381 2679 509 2742 pompa,
530 2669 563 2720 et
582 2677 695 2734 sacros
707 2659 895 2739 solemnique
913 2658 977 2720 ritu
992 2647 1198 2741 consecratio,
1221 2672 1251 2724 et

120 2763 286 2822 coronatio·
302 2772 430 2842 peracta
448 2771 501 2822 est.
761 2823 768 2834 ,

205 2865 349 2944 Augusta.
372 2861 546 2924 huiusmodi
568 2863 762 2924 caeremonia
791 2863 939 2944 expediti,
969 2865 1100 2926 smmum
1121 2864 1160 2924 ad
1181 2883 1251 2944 per·
1274 2850 1279 2863 ¹

119 2969 298 3043 tremenda,
320 2977 355 3026 ut
367 2966 513 3050 dirimas,
537 2967 700 3046 Religionis
714 2967 832 3044 negotia
844 2967 945 3026 statim
959 2951 1189 3028 convertimus(
1211 2967 1250 3028 td

120 3080 222 3131 autem
244 3069 403 3132 eomaiori
423 3070 688 3145 fiduciafecimus,
720 3068 802 3148 quod
818 3070 991 3149 imperator
1011 3069 1076 3148 ipse
1095 3069 1251 3146 datis„ut
1307 3085 1308 3088 ’
1354 3099 1357 3106 ’

120 3182 311 3253 compertum
326 3173 420 3234 Vobis
433 3185 488 3250 eat,
503 3173 611 3232 litteris
624 3171 851 3248 significaverat,
870 3192 903 3231 eo
915 3171 1251 3246 familiaresNobiscuse

121 3295 275 3336 sermones
289 3273 399 3336 habere
413 3277 505 3354 velle,
528 3277 637 3356 quihus
653 3273 822 3336 Catholicae
837 3273 1001 3351 Religionis
1015 3271 1251 3355 amplificandae,

119 3379 287 3458 Divinique
304 3380 409 3440 Cultus
424 3381 456 3438 in
474 3380 638 3460 pristinum
659 3376 850 3456 splendorem
866 3375 1044 3436 restituendi
1063 3375 1142 3435 ratio
1161 3365 1256 3454 qnae·l

121 3493 249 3543 seretur.
293 3481 454 3562 Atquohic
467 3483 530 3557 sinc
544 3477 702 3560 gratissimi
721 3479 811 3540 animi
831 3497 923 3538 sensu
944 3497 1176 3538 commemorare
1189 3499 1251 3541 aon
1293 3520 1296 3524 -

121 3603 284 3664 possumus
299 3581 643 3661 hilaritudinemillam,
664 3583 851 3658 comitatem,
872 3580 1125 3660 benevolentiam,
1148 3580 1251 3640 animi·
1345 3565 1346 3570 ἵ

123 3674 179 3767 que
192 3687 444 3775 propensionem,
466 3709 525 3770 qua
543 3690 605 3748 Nos
628 3685 795 3768 apostolica
816 3685 954 3746 libertate
977 3675 1125 3744 desiderio
1140 3685 1251 3744 Nostra

122 3799 336 3871 expromentes
358 3791 489 3870 audivit,
522 3802 552 3852 et
565 3767 689 3852 Nostris
710 3809 768 3870 pro
785 3777 957 3858 Catholiqae
977 3787 1140 3878 lieligionis
1161 3787 1253 3862 bono,

123 3895 358 3976 Gallicanaeque
377 3839 532 3956 Ecclesiae
558 3893 735 3974 splendere,
763 3893 890 3954 Sanctae
911 3890 1031 3952 demum
1053 3888 1147 3950 huiua'
1164 3889 1252 3950 Sedis
1325 3951 1329 3957 ,
1397 3929 1400 3936 1

124 3999 320 4076 auctoritate,
344 4017 382 4060 sc
401 3998 545 4076 dignitate
565 3995 725 4078 petitiones
749 3995 876 4075 excepit.
950 4014 962 4043 υ
1360 4065 1362 4074 A

205 4101 318 4162 Nostra
347 4102 542 4182 praecipuum
574 4101 606 4160 in
626 4099 749 4158 modum
778 4100 920 4158 intererat
942 4097 980 4157 de
1003 4077 1121 4156 sincero
1143 4113 1252 4172 pauco·
1361 4097 1364 4102 '

124 4223 191 4264 rum
211 4203 472 4285 Episcoporum
464 4226 496 4264 ιιι
527 4202 711 4278 Catholicam
746 4201 896 4262 unitatem
927 4199 1028 4260 reditu
1060 4217 1251 4276 cogssoacsre,

125 4309 175 4388 qui
195 4319 359 4389 antequem
380 4307 554 4370 mosaicam
576 4328 593 4368 a
615 4305 708 4368 Nobis
727 4301 1154 4385 institutionemcbtiaereot,
1181 4319 1252 4362 con·
1342 4293 1349 4303 ⁴
