2922 4930
157 815 418 878 Plibetlic'lsss
455 769 687 892 Sehrei'ben
728 815 896 881 welants
933 817 997 880 dte
1031 814 1177 880 Indole
1202 821 1281 900 ftis·
1395 880 1397 903 4

199 919 451 1001 Ferdinand,
495 921 628 1004 Kantg
663 920 800 983 beidsr
842 921 1046 998 eisteten,-
1082 916 1163 984 und
1191 921 1281 1003 ,du-
1366 997 1371 1026 4

113 1059 115 1066 2
200 1045 264 1084 een
296 967 548 1105 Nsielssdlger
573 1025 750 1108 anehalt,
783 1022 1073 1104 Erebiseladsfs
1106 1023 1191 1088 tend
1208 1029 1281 1088 Bt.

201 1125 361 1206 saisisse
380 1147 426 1188 are
456 1147 679 1194 ernemssn.

206 1407 209 1412 .
241 1349 403 1410 Sinceritas
419 1331 500 1426 fidei,
523 1359 554 1439 et
566 1347 735 1412 devotionis
751 1347 885 1428 affectus,
907 1347 1016 1428 quibus
1037 1345 1102 1422 Tu,
1124 1325 1298 1414 Carissimo·

156 1449 191 1511 in
215 1449 335 1512 Christo
367 1451 410 1510 fili
437 1442 557 1523 noster
594 1471 663 1554 erga
696 1447 880 1510 catholicam
914 1451 1097 1530 Religionem
1123 1459 1288 1532 tantopere

156 1562 308 1634 praestas,
343 1549 528 1632 quibusque,
556 1571 619 1612 non
641 1551 705 1612 sine
733 1551 862 1612 filialis'
853 1571 885 1610 sn
908 1551 969 1610 Nos
998 1549 1206 1614 observantiae
1235 1553 1284 1612 si·-

158 1649 419 1746 gnifieationibue,
441 1671 521 1711 nova
541 1653 599 1712 aeli
621 1673 657 1713 ac
677 1635 797 1733 pietatis
819 1661 889 1712 tuae
909 1662 1094 1737 argumenta,
1116 1653 1191 1714 inita
1214 1671 1284 1716 cum

157 1755 331 1836 Apostolics
358 1741 417 1814 lanc
444 1753 520 1815 Sede
547 1737 753 1816 conventione
780 1753 818 1814 ad
850 1726 1111 1835 componendae
1101 1777 1133 1816 ru
1162 1741 1284 1818 Ditione
1379 1831 1380 1834 4

109 1869 112 1874 ’
157 1865 211 1916 tua
231 1877 282 1917 res
301 1856 468 1934 Ecclesiae,
490 1839 589 1938 isuper
610 1855 769 1931 addidisti,
791 1857 853 1916 Nos
873 1856 1078 1938 impulerunt,
1099 1866 1136 1918 ut
1157 1877 1193 1918 es
1213 1855 1283 1918 Tibi

89 1968 90 1976 ’
143 1961 364 2029 ,favorabiliter
378 1959 618 2036 concederemus,
635 1979 710 2039 quae
726 1958 763 2018 ad
780 1959 825 2017 tui
838 1957 962 2018 honoria
978 1969 1170 2038 augmentum
1184 1961 1284 2042 perti·

157 2081 241 2140 nere,
255 2053 910 2144 etdeeideriistuisresponderecognovimus.
933 2059 1283 2144 Hieitsquecausisper-

158 2165 349 2244 annuatque
363 2164 521 2244 singularis
533 2165 623 2224 animi
630 2156 731 2224 nostri
741 2148 1070 2232 inTebenevolentiani
1080 2163 1283 2239 testificentur,
1363 2145 1365 2152 l

159 2287 197 2328 ex
211 2277 293 2328 certa
307 2267 429 2328 seientia
445 2277 475 2327 et
490 2276 606 2327 matura
621 2265 835 2327 deliberatione
846 2266 965 2344 nostris,
987 2265 1283 2348 dequeApostolicae

106 2446 110 2454 4
158 2371 314 2451 potestatis
334 2369 539 2450 plenitudine,
561 2369 647 2447 Tibi,
669 2365 765 2453 (cui
754 2391 816 2450 Jaus
837 2369 950 2450 partim
971 2388 1008 2428 ex
1025 2368 1160 2447 legitimo
1174 2369 1283 2430 Patro·

158 2481 241 2550 notu,
263 2473 374 2552 partim
398 2493 436 2555 ex
457 2471 632 2552 Apostolioo
652 2471 774 2532 indulto
793 2471 843 2552 jue
865 2473 1012 2553 competit
1033 2472 1071 2532 ad
1104 2471 1206 2552 plures
1233 2493 1304 2534 re·-
1346 2491 1351 2512 ¹

159 2575 212 2654 gni
233 2575 393 2654 utriunque
414 2571 535 2633 Siciliae
557 2573 706 2635 Ecclesiae
729 2575 936 2654 praesentandi
953 2575 1000 2635 rel
1022 2573 1198 2634 nominandi
1218 2575 1283 2636 No-

157 2675 205 2736 bis
227 2685 257 2734 at
278 2677 413 2736 Romano
433 2674 572 2734 Pontifici
593 2695 650 2756 pro
672 2685 810 2756 tempore
832 2678 971 2738 existenti
991 2676 1116 2737 idoneos
1138 2677 1282 2738 ecelesia-

159 2777 250 2838 sticos
275 2777 359 2836 viros
390 2781 447 2858 per
469 2779 531 2838 Nos
553 2799 588 2839 ac
609 2781 762 2839 Romanoa
783 2779 942 2840 Pontifices
963 2779 1136 2862 praedictos
1157 2779 1195 2840 ad
1217 2801 1283 2840 eas-

159 2877 229 2940 dem
250 2879 397 2942 Ecclesiae
418 2881 674 2960 promovendos),
696 2895 753 2942 nac
774 2903 836 2942 non
857 2881 928 2943 Tuis
949 2882 981 2942 in
1000 2883 1102 2960 Regno
1128 2901 1283 2942 successo-

158 2981 243 3041 ribus
266 2981 422 3044 catholicis
443 2985 518 3044 a'l'e
539 2983 794 3062 descendentibus,
816 2993 907 3064 atque
928 3003 989 3044 una
1012 3005 1081 3066 curn
1102 2983 1282 3046 Subditisiu

158 3085 330 3148 sinceritate
351 3085 447 3162 Fidei,
470 3093 501 3160 et
521 3087 636 3148 unitate
657 3089 783 3148 Sanctae
802 3088 955 3150 Romanae
975 3075 1126 3147 Ecclesiae
1145 3107 1201 3146 arec
1222 3105 1283 3170 non

160 3187 1282 3255 obedientisNoetraetsuceessorumnostrorumlloussnorurnPontificum

159 3291 305 3354 canonice
325 3291 503 3352 intrantium
525 3291 804 3370 perseverantibus,
834 3313 870 3352 sc
890 3311 948 3372 pro
969 3301 1104 3372 tempore
1125 3281 1299 3377 utriusque,

159 3392 277 3452 Siciliae
296 3411 420 3470 regnunt
441 3392 678 3473 possidentibus,
699 3393 733 3452 in
754 3403 935 3474 perpetuum
954 3375 1148 3456 eoncedirnue
1168 3393 1283 3454 Indul-

159 3504 225 3556 tum
245 3494 435 3570 nominandi,
455 3497 534 3556 infra
554 3505 672 3576 tempus
694 3518 711 3556 a
730 3495 798 3576 jure
821 3495 1027 3577 praefinitum,
1055 3497 1149 3560 Nobis
1170 3507 1200 3558 ot
1220 3497 1282 3558 llo·-

159 3597 255 3658 manis
276 3596 471 3658 Pontificibus
490 3597 719 3659 Successoribue
748 3602 857 3659 noeais
887 3599 991 3678 dignas
1013 3608 1043 3660 et
1062 3599 1185 3660 idoneas
1208 3619 1282 3680 per·-

158 3719 249 3760 eanas
271 3699 487 3760 ecclesiasticas
504 3702 541 3760 iis
558 3701 679 3762 dotibus
699 3701 861 3781 praeditae,
883 3721 957 3782 quae
979 3701 1064 3762 Sacri
1077 3704 1212 3763 Canonea
1234 3723 1283 3764 ra-
1405 3767 1409 3784 4

160 3803 304 3882 quirunt,
326 3801 365 3860 ad
386 3821 488 3868 omnes
508 3803 575 3864 illae
598 3803 886 3884 archiepiscopales,
912 3811 942 3864 et
962 3803 1147 3885 episcopales
1174 3805 1284 3864 Eccle-

16 3921 22 3930 “
83 3947 86 3952 ,
159 3905 219 3966 siae
238 3904 322 3983 regni
344 3903 501 3983 utriusque
529 3905 658 3984 Siciliae,
688 3907 726 3968 ad
754 3921 830 3988 quae
850 3905 1025 3966 nominandi
1046 3906 1129 3988 jors,
1158 3907 1222 3966 sive
1243 3896 1282 3968 en

158 4009 340 4086 Patronetu,
361 4007 425 4068 sive
446 4027 483 4068 ex
499 4007 676 4088 apostoliea
700 4009 899 4080 concessione,
920 4007 1055 4071 nondun
1078 4007 1202 4086 gaudes,
1225 4005 1296 4066 tir·¹

158 4130 208 4170 ma
226 4091 487 4172 tarnen'Personi'e
508 4131 527 4170 a
547 4111 590 4172 Te
610 4120 701 4192 atque
724 4135 742 4172 e
762 4109 991 4174 Successoribus
1020 4109 1095 4170 'aluis
1121 4109 1283 4170 nominatis

161 4210 340 4288 obligatione
360 4223 497 4276 manente
517 4233 552 4276 es
573 4217 673 4276 omnia
694 4215 726 4276 in
748 4213 853 4276 ordine
875 4214 914 4274 ad
935 4211 1159 4278 institutionem
1182 4211 1282 4272 Cane·

145 4311 256 4387 ,nicam
277 4313 469 4383 obtinendam
485 4335 557 4399 erga
573 4315 679 4381 Sedasa
700 4316 907 4400 Apostolioam
923 4314 1121 4395 adimplendi,
1142 4313 1182 4382 sd
1206 4333 1283 4396 quaa
