2922 4930
208 391 274 467 756
361 393 367 410 '

209 567 283 630 siam
305 565 362 630 sab
382 545 496 630 ‘litalo'
508 567 623 628 Sancti.
639 563 763 630 loannis
783 565 936 653 Baptistae
965 589 1033 631 cum
1053 568 1108 630 m'o
1133 562 1256 651 capitale
1275 585 1307 629 ex

208 661 411 751 Dignitatibus
432 679 463 732 st
483 667 641 730 canonicis
672 671 843 748 efformata,
869 681 982 754 preter,
1002 672 1077 732 alios
1104 667 1308 732 Ecclesiasticus
1365 707 1367 713 ·

208 773 292 836 viros
316 771 412 833 eidem
434 773 586 834 Ecclesiae
605 773 802 833 inservientes
828 775 1001 852 constituit,
1023 773 1163 880 quodque
1182 769 1308 851 inspectis

207 886 378 956 temporum
400 895 436 934 ac
457 876 606 936 Locorum
627 875 830 956 peculiaribus
851 877 1084 943 circumstantiis
1112 873 1150 935 in
1165 873 1309 935 maximnm

208 988 240 1062 et
261 977 460 1038 necessariam
482 977 595 1038 bonam
626 987 764 1056 vergeret
785 950 1049 1056 Christilidelium,
1077 978 1109 1037 in
1130 978 1191 1039 illis
1212 976 1308 1053 Regio·-
1398 975 1399 984 ’

81 1125 84 1130 -
207 1055 298 1143 riibus
320 1079 508 1158 degentium,
539 1079 564 1139 si
586 1069 749 1141 memortta
770 1057 961 1164 Epiiccpslis
996 1072 1132 1141 Ecclesia
1150 1075 1309 1139 Varsasiea·

208 1185 250 1244 sis
247 1175 310 1242 ad
330 1182 457 1261 gradtun
479 1163 559 1241 sedis
592 1181 867 1264 Archiepiscopalis
897 1205 936 1244 ex
967 1172 1127 1244 Pontificio
1147 1177 1276 1242 Nostra
1268 1197 1311 1236 sa-

207 1285 364 1366 dulgentia
385 1286 594 1348 extolleretur.
645 1285 707 1346 Nos
736 1283 847 1367 itaque
866 1287 1048 1366 gravissimis
1078 1285 1178 1344 causis
1204 1275 1311 1341 adducti

174 1399 189 1418 ⁶
208 1389 384 1468 cunctisque
414 1386 640 1468 diligentissime
665 1384 800 1460 libratis,
829 1407 867 1449 ex
896 1398 979 1450 certa
1009 1389 1132 1448 scientie
1161 1395 1191 1446 et
1209 1393 1310 1442 matare

208 1489 425 1554 deliberatione
450 1491 568 1552 Nostris
597 1489 696 1571 deque
724 1491 917 1572 Apostolica'e
943 1491 1104 1568 Potestatis
1123 1484 1316 1570 plenitudine,

208 1593 247 1654 ad
270 1593 415 1672 Maiorem
437 1595 648 1675 omnipotentis
670 1593 726 1654 Dei
758 1593 895 1655 Gloriam
921 1605 951 1656 et
981 1593 1154 1655 Catholicae
1179 1575 1310 1652 Ecclesiae

127 1701 130 1708 '
191 1697 400 1780 ,splendorem
424 1697 573 1776 simulque
599 1695 787 1778 spiritualem
818 1697 1063 1759 christifidelium
1091 1695 1246 1757 utilitatem
1265 1707 1310 1750 su·

207 1801 376 1884 predictam
398 1797 608 1878 Episcopelena
629 1799 792 1859 Ecclesiam
815 1799 1040 1862 Varsavienscm
1062 1800 1120 1862 sub
1142 1797 1237 1858 Titulo
1255 1813 1311 1854 ssu·

208 1905 251 1965 cti
279 1899 400 1962 loannis
415 1899 571 1980 Baptistae
601 1919 671 1960 curn
691 1903 919 1983 suo“Cspit‘ulo,
942 1902 980 1963 de
1001 1902 1140 1984 specialis
1162 1899 1237 1959 dono
1253 1915 1310 1975 gra·
1331 1947 1335 1966 ,

207 2007 269 2066 tiae
299 2003 339 2063 ad
356 2000 641 2084 'Archiepiscopalis
670 2003 917 2086 Metropolitanus
949 2005 1101 2064 Ecclesiae
1133 2000 1258 2062 Grsdum
1281 2015 1310 2055 ac

104 2179 108 2188 ¹
136 2116 143 2122 “
209 2107 386 2187 dignitatem
416 2105 609 2183 extollimus,
649 2099 836 2168 reuertentes
851 2095 856 2104 ¹
874 2107 968 2168 Nobis
1001 2109 1107 2168 Eidem
1141 2095 1309 2166 Varsarieasi

207 2207 461 2290 Metropolitanus
481 2207 632 2268 Ecclesiae
653 2203 839 2290 inposterum
868 2209 1061 2291 Episcopales
1087 2207 1234 2269 Ecclesiae
1252 2199 1310 2262 sul-

208 2315 363 2392 fraganeas
386 2291 551 2388 adsignare.
594 2309 749 2400 Prosentes
773 2323 872 2373 autem
894 2313 998 2373 literas
1019 2295 1048 2372 et
1068 2312 1102 2371 in
1126 2311 1168 2372 eis
1189 2313 1310 2370 contente

209 2433 418 2498 quaecumque
447 2411 533 2472 nullo
563 2431 697 2494 unquam
728 2423 865 2494 tempore
895 2413 932 2474 de
963 2413 1169 2494 subreptionis
1197 2411 1244 2473 vel
1264 2405 1307 2466 ob·

206 2517 353 2600 reptionis
376 2523 430 2576 aut
450 2513 598 2574 nullitatis
619 2513 693 2572 vitio
716 2533 769 2576 seu
790 2513 964 2576 intentionis
988 2517 1118 2577 Nostrae
1145 2515 1193 2578 vel
1220 2507 1305 2592 attuvi·

209 2621 270 2680 alio
294 2617 383 2680 etiam
404 2616 592 2678 substantiali
613 2615 733 2678 dele'ctu
760 2619 875 2694 notari,
905 2619 1075 2700 impugnari
1096 2627 1149 2679 aut
1169 2607 1307 2678 insolidati

102 2749 108 2756 ·
207 2741 299 2805 posse
320 2719 375 2782 aed
395 2721 464 2780 illas
486 2739 604 2800 semper
620 2719 736 2780 validas
758 2729 787 2782 et
809 2719 943 2781 efficaces
964 2721 1094 2782 existere
1110 2733 1140 2782 et
1154 2723 1224 2797 fore,
1239 2733 1307 2775 auos·

147 2871 148 2876 η
208 2845 267 2908 que
288 2821 442 2907 plenarios
466 2832 496 2882 et
517 2823 649 2910 integros
679 2821 802 2883 effectus
830 2821 935 2896 sortiri
961 2833 992 2883 et
1019 2823 1156 2885 obtinere
1184 2831 1262 2900 atque
1278 2813 1306 2873 ab

208 2927 359 3003 omnibus,
382 2923 421 2985 ad
443 2943 518 3006 quos
540 2933 668 3006 spectat,
689 2923 904 2986 inviolabiliter
917 2924 1071 2986 observari
1094 2925 1211 2987 debere.
1246 2915 1307 2979 Ettl

207 3051 295 3094 secus
317 3026 469 3110 superbis
490 3047 680 3108 equaquam
703 3027 810 3106 quevis
832 3026 1024 3088 Auctor-itate
1046 3027 1176 3090 scienter
1185 3023 1231 3088 vel
1239 3021 1304 3098 igno-

144 3131 156 3160 '¹
207 3119 311 3194 rantes
339 3129 498 3210 contigerit
527 3129 668 3192 attentari
694 3129 812 3192 initum
841 3139 884 3207 et¹
903 3131 993 3190 inane
1021 3127 1216 3191 decernimus.
1235 3119 1304 3180 ’Νῠῐῑ

208 3233 399 3296 obstantibus
421 3241 568 3314 quatenus
588 3253 665 3314 opus
687 3231 727 3293 sit
754 3231 911 3311 quibusvis
932 3232 1203 3306 Constitutionibus
1222 3233 1248 3288 et
1263 3239 1303 3279 tr·

209 3335 428 3413 dirutionibus,
451 3335 630 3418 Apostoliois
653 3335 818 3414 Privilegiis
840 3355 961 3417 quoque
994 3345 1024 3395 et
1050 3333 1180 3395 ludultia
1206 3324 1305 3390 ceteris·

103 3451 107 3465 ·
210 3459 269 3522 qus
290 3441 365 3500 licet
385 3437 509 3520 speciali
532 3448 561 3499 et
581 3437 736 3498 individua
763 3437 913 3499 mentione
942 3437 1039 3518 dignis
1067 3433 1224 3497 contrariis
1247 3423 1305 3507 qui-

153 3579 160 3608 l
203 3541 409 3633 ,beccumque
436 3539 520 3600 Nulli
543 3561 614 3619 ergo
637 3539 761 3600 omnino
792 3538 948 3600 bominum
973 3541 1065 3601 liceat
1084 3537 1163 3598 hanc
1186 3527 1307 3609 raanan

109 3699 111 3704 ,
169 3703 174 3714 ,
209 3645 389 3707 Nostrarum
410 3641 627 3723 dispositionis,
649 3643 877 3714 reservationis,
900 3641 1014 3704 decreti
1036 3663 1072 3702 ac
1093 3619 1248 3702 valuiatatis
1263 3629 1306 3687 in·

210 3747 341 3826 fringens
363 3745 412 3806 vel
434 3745 462 3806 ei
484 3765 558 3806 ausu
580 3747 736 3807 temerario
758 3747 927 3820 contraire;
948 3745 975 3804 ai
997 3743 1065 3824 qais
1085 3751 1183 3804 autem
1202 3737 1254 3796 boc
1270 3740 1306 3789 st

210 3859 329 3912 tentare
348 3847 575 3929 presumpserit,
597 3847 835 3926 indignationem
846 3841 1070 3929 ¹omnipotentis
1092 3843 1145 3906 Dei
1166 3860 1199 3901 ac
1216 3837 1306 3896 Basto-

209 3971 277 4013 rum
288 3951 369 4012 Petri
391 3959 421 4010 et
434 3949 529 4024 Pauli,
552 3947 765 4032 Apostolorum
777 3949 861 4031 Ejus,
882 3971 914 4010 se
926 3950 1240 4011 noveritincursurum.
1257 3937 1305 3994 lli·

101 4039 104 4046 ⁴
210 4063 274 4114 tum
296 4055 409 4114 Romae
431 4051 513 4134 apud
535 4063 669 4114 sanctam
697 4053 821 4114 Mariam
842 4043 986 4133 Majorem
1006 4033 1302 4112 Anno'lncarnstianit

68 4193 77 4214 .
209 4155 385 4217 Dominicse
417 4155 577 4218 Millesimo
604 4155 858 4236 octingentesimo
888 4155 1010 4214 Decima
1032 4151 1175 4234 Septimo,
1203 4143 1302 4216 Quem

209 4259 284 4320 Idus
311 4255 423 4319 Martii.
448 4257 644 4320 Pontificatus
668 4259 772 4319 Nostri
793 4237 879 4318 buno
901 4255 1023 4316 lle'cimo
1045 4247 1166 4332 Octava,
1197 4235 1302 4308 Iusti

210 4357 339 4426 Plumbi·
370 4363 469 4442 Super
490 4361 601 4444 quibus
622 4361 730 4424 Litsais
751 4359 952 4444 Apostolicis,
978 4359 1041 4446 Ego
1061 4349 1197 4445 ¹Notsn'as
1215 4337 1301 4408 Publi·
