2922 4930
1215 350 1278 414 tlt

150 531 212 583 ιιι
232 519 444 608 ιιιρριιιιηιιι
468 519 560 582 scuto
580 487 856 600 promovebuntur,
887 519 1006 598 quone·
1031 518 1102 580 aa·
1129 510 1282 604 assesso,

159 635 210 684 aut
226 623 436 704 Coppellaniae
450 643 566 684 annuus
588 623 703 684 reditus
714 623 753 684 ad
766 631 868 682 taxans
884 617 1102 698 dioecesanam,-
1126 629 1160 682 ut
1179 640 1281 702 supra,

158 745 219 786 non
217 725 413 816 pertingat,
446 725 633 788 tantumdem
661 725 717 784 sibi
749 744 788 785 ex
817 725 883 784 sliis
910 724 1014 794 liberis
1041 723 1146 784 lundis
1173 723 1283 784 musti·

158 793 262 904 tuerit,
284 835 429 906 quantum
450 827 641 906 supradictse
661 836 751 888 taxas
770 827 925 905 integritas
945 826 1157 907 postulaverit.

242 929 447 1010 Excipiuntur
475 930 544 989 illae
570 929 730 1007 dioaosses,
760 931 793 990 in
821 929 928 1010 quibus
954 949 995 990 ax
1017 926 1192 990 dioecesana
1220 928 1286 1007 legs

150 1039 230 1116 'taxa
251 1027 329 1095 sacri
350 1031 522 1110 patrimonii
544 1031 575 1090 in
597 1033 704 1114 mojori
726 1051 841 1092 summa
872 1033 1017 1092 canonice
1044 1030 1207 1094 consumta
1234 1051 1284 1093 re-

9 1181 13 1213 ,
131 1213 138 1227 ¹
161 1133 310 1214 periatur,
332 1143 472 1230 respectu
493 1153 620 1212 quarum
640 1136 725 1196 nulls
747 1135 874 1196 motatio
895 1134 954 1198 liet.

245 1238 323 1296 sss.
344 1236 442 1296 xxtt.
483 1235 622 1296 Liberum
642 1239 701 1298 erit
721 1235 761 1294 sd
783 1239 921 1300 Sanctam
943 1235 1051 1298 Sedcm
1067 1235 1226 1317 appellare.
1281 1263 1282 1268 ¹

160 1399 166 1406 ,
244 1338 323 1400 Art.
346 1339 461 1401 xxltt.
505 1339 735 1418 Episcoposum,
757 1338 851 1417 Cleri,
873 1349 904 1398 et
925 1339 1033 1418 Populi
1053 1336 1285 1400 communicatio
1362 1350 1369 1359 '

161 1461 230 1504 cum
252 1441 363 1501 Sancta
384 1440 460 1500 Sede
480 1440 512 1500 in
533 1440 625 1502 rebus
646 1440 875 1528 spiritualibus,
904 1449 937 1501 et
956 1439 1083 1518 negotiis
1105 1439 1284 1505 ecclesiasti-

161 1546 205 1606 cis
226 1563 350 1624 prorsus
378 1543 475 1602 libera
503 1543 577 1618 erit,
606 1563 640 1602 ac
672 1553 890 1623 consequenter
916 1541 1086 1622 Epistulae,
1122 1551 1159 1600 ut
1187 1541 1285 1621 tjunt,

4 1617 11 1652 ι
139 1723 140 1730 ἵ
162 1647 349 1724 circulares,
374 1645 483 1724 Leges,
514 1655 545 1706 st
564 1647 690 1706 Decreta
713 1647 795 1708 circa
822 1646 955 1706 Liceat
980 1642 1168 1750 Scribere
1196 1644 1284 1704 abco-

159 1740 281 1829 gantur·

247 1850 327 1912 srr.
348 1849 460 1913 XXIV
501 1816 627 1925 Quoties
643 1849 891 1934 Archiepiscopi,
918 1863 949 1912 st
974 1849 1154 1932 Episcopi
1143 1870 1177 1910 ιιι
1199 1847 1285 1912 libris

162 1952 364 2030 introductis,
393 1953 443 2014 vel
466 1955 518 2034 qui
545 1953 800 2033 introducuntur,
829 1955 1000 2048 impressis,
1022 1955 1072 2014 vel
1093 1954 1146 2033 qui
1169 1951 1285 2036 impri-
1329 1991 1331 1998 ·

142 2065 290 2134 ‚munius
304 2055 336 2114 in
362 2055 485 2134 Regno,
519 2057 633 2138 aliquid
661 2057 828 2138 repererint
855 2058 1004 2120 Ecclesiae
1033 2055 1204 2133 doctrinae,
1232 2065 1286 2118 aut

162 2159 250 2222 bonis
271 2157 404 2220 moribus
427 2159 631 2240 contrarium,
667 2161 854 2222 Gubernium
882 2179 988 2222 eorum
1014 2159 1162 2220 librorum
1184 2157 1284 2220 divul-

151 2266 312 2344 ¹,sationem
340 2281 403 2321 non
430 2262 596 2342 permittet.
714 2323 717 2329 ,

248 2367 326 2426 Art
347 2363 444 2424 XXV.
486 2365 572 2445 liegii
592 2367 725 2447 Delegati
744 2337 966 2428 iurisdictionis
980 2360 1199 2426 ecclesiasticas
1220 2382 1288 2424 nsu-

162 2455 258 2532 riusa
278 2467 432 2562 Msjestata
459 2471 520 2528 Sua
550 2471 762 2561 supprimitur.

184 2603 188 2618 ·
247 2573 328 2633 Art.
348 2555 458 2630 xxvi.
502 2572 593 2632 Curia
631 2573 806 2654 cappellani
839 2571 979 2653 Majoris,
1023 2570 1149 2652 ejusque
1187 2569 1285 2650 juris·
1377 2557 1381 2576 ⁸

165 2674 278 2752 dictio,
299 2673 337 2733 iis
361 2657 568 2732 continebitur
589 2673 750 2752 limitibus,
783 2671 834 2754 qui
855 2674 888 2734 in
909 2672 1129 2736 Constitutione
1150 2673 1199 2733 iel.
1221 2693 1285 2736 rso.

164 2773 324 2863 Benedicti
337 2775 442 2852 XW,
466 2774 554 2856 cujus
583 2775 700 2836 initium
723 2807 768 2824 -
795 2775 996 2838 Convenit
1020 2809 1063 2822 -
1087 2777 1121 2835 'et
1149 2759 1285 2865 sequenti

165 2879 299 2964 ejusdem
326 2875 478 2960 Pontificis
494 2878 615 2940 illota
643 2879 809 2961 proprio
837 2899 928 2961 super
954 2877 1058 2940 eadem
1077 2897 1112 2939 re
1131 2877 1286 2958 praescri-

163 2981 290 3044 buntur.
1289 2991 1292 2996 “

248 3085 329 3152 Art,
351 3083 476 3148 xxvn.
517 3083 669 3148 Ecclesiae
696 3089 868 3168 proprietas
895 3085 928 3146 in
950 3081 1286 3167 snispossessionibus,

143 3197 197 3250 'et
217 3187 467 3270 acquisitionibus
489 3207 574 3248 sacra
596 3199 626 3248 et
651 3189 835 3254 inviolabilis
866 3188 934 3250 erit.

249 3289 331 3362 Art,
355 3290 491 3353 XXVlll.
536 3290 682 3350 Sanctitas
697 3291 758 3350 Sua
779 3299 892 3350 attenta
914 3289 1054 3366 utilitate,
1076 3302 1153 3369 qnae
1174 3307 1212 3350 ex
1228 3287 1286 3349 bac

165 3391 371 3452 Consentione
391 3402 493 3452 manat
513 3392 545 3452 in
565 3393 749 3472 Religionem
772 3401 803 3452 et
828 3391 862 3452 in
890 3392 1072 3468 Ecclesiam,
1100 3401 1194 3471 utque
1224 3392 1286 3452 sin·

164 3491 277 3571 galeris
305 3491 532 3556 benevolentiae
566 3513 637 3558 suae
671 3495 875 3555 testimoninm
909 3495 1058 3575 Majestati
1093 3491 1288 3554 circinando·
1374 3504 1380 3524 ¹

164 3594 254 3674 Regis
272 3594 433 3674 praebeat,
454 3596 575 3674 Eidem,
604 3607 694 3678 atque
719 3597 756 3656 ab
784 3597 828 3658 Eo
849 3596 1101 3658 descendentibus
1128 3594 1288 3658 catholicis
1319 3645 1325 3650 .

99 3759 104 3764 ,
163 3697 197 3758 in
217 3715 309 3776 regno
331 3697 577 3775 successoribus,
599 3700 790 3762 conceditis
810 3707 991 3781 perpetuum
1011 3697 1167 3760 indultum
1188 3699 1289 3759 nomi·

163 3797 258 3858 nsndi
280 3797 438 3890 dignoscat
457 3799 582 3860 idoneos
602 3801 817 3864 ecclesiasticos
837 3802 921 3862 siros
947 3801 984 3862 iis
1015 3801 1136 3862 dotibus
1166 3799 1291 3882 praedi·

163 3911 230 3978 tos,
252 3919 327 3980 quas
348 3900 428 3962 sacri
450 3907 775 3986 canonesrequirnnt,
808 3903 847 3964 sd
872 3923 976 3967 omnes
996 3905 1063 3966 illas
1087 3894 1290 3984 archiepisco·

162 4001 247 4084 palei
271 4012 302 4064 et
324 4003 512 4084 episcopales
531 4005 683 4075 Ecclesiae
707 4007 968 4088 rognisutn'usque
989 4007 1123 4084 Siciliae,
1153 4001 1193 4066 ad
1214 4019 1310 4083 quss'

163 4103 304 4186 Maiestas
325 4109 386 4166 Sua
403 4105 474 4187 jure
501 4107 677 4173 nominnsdi
701 4109 836 4173 nondum
864 4110 1031 4188 gandebats
1060 4127 1096 4168 ac
1125 4113 1293 4188 propterea

164 4209 266 4273 statim
285 4218 358 4290 post
378 4207 469 4290 hujus
501 4203 716 4272 consentionis
749 4210 974 4274 ratificationem
1003 4209 1119 4270 literas
1137 4205 1291 4289 Apostoli·

59 4383 63 4390 ι
166 4325 234 4387 cas,
257 4311 369 4392 quibus
389 4311 451 4374 boo
472 4311 628 4381 indultum
651 4305 869 4391 mamutius,
900 4311 1039 4394 arcadii
1057 4309 1183 4393 jubebit·
1267 4379 1272 4386 ,

1289 2625 1297 2686 l
1358 2661 1362 2674 ι
