2922 4930
1155 347 1293 422 ,7.69

170 517 274 596 risque
291 511 410 576 Noatrie
424 509 549 574 mirifica
571 511 793 574 obaacundante
809 511 935 574 laudato
947 502 1157 572 Alexandr
1167 534 1195 590 o,
1215 513 1293 580 ltne-
1364 536 1369 548 ·
1436 513 1439 520 '

171 639 274 682 eorum
292 617 478 696 Imperatore
500 636 536 675 ac
553 614 678 674 Polouie
695 616 785 694 Rege,
807 614 895 696 cujua
913 615 1059 694 egregiam
1077 614 1167 674 etiam
1185 615 1218 676 in
1230 617 1292 680 Noa

170 721 356 780 voluntatem
386 718 483 798 probe
506 717 626 799 jamdiu
645 719 763 798 experti
784 737 905 792 aunam,
928 715 1028 778 omnia
1049 715 1173 776 taudem
1194 717 1293 780 sauata

170 822 311 901 felicique
334 819 421 880 exitu
441 820 483 880 ita
497 819 733 901 compoeuimua,
748 802 792 880 'ut
804 819 972 880 certioretis
994 817 1111 900 pridem
1133 819 1294 902 Epiacopia

170 909 207 986 et¹
221 923 369 1004 Capitalia
388 923 513 1004 ahieqna
536 922 674 985 omnibus
694 925 839 984 inteream
854 919 1034 992 babentibpa
1054 941 1169 990 nouum
1184 925 1294 988 exinde

169 1026 319 1108 precantia
340 1026 463 1086 Polouia
483 1025 578 1105 Regni
606 1012 807 1086 Eoolaeiarum
835 1043 872 1082 ac
900 1023 1067 1086 Dieceaium
1094 1033 1208 1112 etatum
1234 1049 1294 1110 pro

169 1129 306 1190 locorum
327 1128 489 1210 positione,
511 1149 570 1214 pro
591 1127 761 1188 incolarum
775 1126 997 1204 commoditate,
1018 1147 1077 1208 pro
1104 1131 1294 1210 peculiorum

170 1231 291 1294 demum
312 1233 462 1294 rationum
483 1229 706 1312 complectione
725 1227 867 1310 pretinire
887 1227 1048 1310 ipsumque
1069 1231 1188 1294 Noatrie
1206 1231 1293 1300 hiena

168 1333 278 1397 Literia
300 1333 455 1397 Pontificio
477 1331 675 1394 Auctoritatis
696 1329 862 1390 munimine
884 1330 1036 1390 valeamua
1056 1333 1211 1414 roborare.
1246 1337 1293 1400 Ex

170 1447 253 1500 certa
272 1439 375 1516 itaqua
395 1435 520 1502 orientia
541 1455 577 1494 ao
596 1443 714 1496 matura
736 1431 950 1530 deliberatione
963 1432 1082 1494 Noutria
1093 1435 1193 1516 deque
1208 1421 1293 1519 Apo'.

107 1545 109 1560 '
169 1541 276 1600 atolice
303 1537 463 1602 Potestatie
480 1533 682 1616 'planitudine
708 1535 747 1596 ad
777 1534 989 1622 omnipotentie
1012 1533 1066 1596 Dei
1090 1539 1231 1618 gloriam,
1253 1541 1293 1604 ad

168 1639 317 1704 honorem
339 1637 465 1726 Deipara
488 1638 631 1717 Virginis,
645 1657 735 1718 qnam
757 1637 884 1698 illuatria
900 1637 1084 1698 Polonorum
1103 1641 1193 1702 Natio
1214 1663 1293 1722 pre·

171 1743 262 1824 cipuo
291 1749 454 1804 veneratur
484 1739 629 1820 abaequio
658 1761 771 1802 novam
798 1739 1010 1822 Episcopalem
1040 1743 1145 1804 Sedem
1175 1745 1294 1808 Podlaa

129 1829 132 1844 ’
170 1845 321 1906 ehienaem
343 1842 578 1923 nuncupandam
605 1846 638 1902 in
666 1841 827 1921 collegiata
849 1843 981 1904 Ecclesia
1008 1844 1065 1904 aub
1091 1847 1182 1907 titulo
1209 1851 1294 1910 San*

169 1948 300 2028 ctissime
321 1939 477 2006 Trinitatis
494 1943 611 2025 Oppidi
632 1943 670 2004 da
689 1944 794 2004 Janbw
810 1951 977 2026 nuncupat.
999 1945 1140 2026 erigimur
1161 1959 1193 2012 et
1213 1973 1293 2034 cop.

169 2048 321 2113 etituimua
344 2047 535 2126 collegiatam
558 2046 692 2107 eamdem
713 2047 752 2106 ad
774 2044 961 2108 cathedralia
982 2047 1156 2128 dignitatem
1179 2074 1215 2114 ac
1231 2055 1294 2136 Op·

167 2151 274 2232 pidum
306 2151 456 2230 prelatum
485 2149 524 2210 ad
552 2148 690 2208 civitatie
717 2147 907 2228 Epiaoopalie
937 2147 1085 2212 honorem
1115 2155 1291 2220 extollendo

168 2255 333 2332 futuroque
369 2241 405 2312 ao
445 2271 502 2332 pro
537 2260 676 2332 tempore
709 2251 851 2312 existenti
886 2252 1041 2332 Episcopo
1076 2253 1291 2320 Podlachienai

97 2386 101 2396 ¹
168 2355 269 2418 omnia
296 2363 327 2416 at
352 2354 469 2434 ringula
485 2352 554 2435 jura
576 2352 819 2434 praemittendae,
841 2354 1053 2434 prerogativae
1076 2376 1111 2416 ao
1131 2357 1292 2439 privilegia

168 2460 235 2520 aliia
258 2458 413 2538 Epiacopia
441 2458 571 2536 legitime
602 2457 801 2536 competentia
828 2457 990 2521 tribuendo
1014 2431 1214 2540 predictoque
1237 2463 1293 2525 ca·

167 2563 265 2644 pitulo
297 2559 472 2620 Cathedrali
499 2557 685 2638 indulgendo
714 2559 888 2620 facultatem
921 2561 1073 2622 condendi
1101 2563 1220 2624 Statuta
1253 2565 1290 2626 ab

169 2664 324 2726 ordinario
348 2659 544 2744 adprobanda
564 2669 597 2720 et
615 2659 764 2740 gaudendi
784 2661 950 2742 privilegiia
972 2663 1097 2726 aliatum
1120 2663 1292 2732 cathedra-

167 2765 243 2826 lium
265 2765 297 2826 in
318 2763 420 2843 Regno
442 2754 567 2826 P'olonie
588 2763 734 2844 capitulio
761 2763 893 2842 legitime
922 2765 1171 2846 competentibus.
1208 2771 1292 2851 Sup-

125 2875 130 2894 “
167 2869 278 2950 preaeia
304 2867 413 2928 deinde
441 2867 571 2930 Sedibna
598 2867 831 2948 Epiaeopalibua
861 2866 1065 2946 Vigeracenai'
1083 2879 1113 2932 et
1140 2870 1292 2936 Kialoenei

168 2991 271 3034 aarum
293 2970 421 3050 primam
445 2971 655 3034 uanelerimua
683 2990 719 3030 ac
749 2969 788 3032 do
815 2989 895 3030 novo
927 2963 1071 3050 erigimur
1099 2971 1133 3030 in
1162 2972 1291 3038 civitate

167 3073 311 3153 daSeyna
327 3082 504 3154 nuncupat,
527 3073 616 3154 cujua
629 3074 798 3154 Episcopna
819 3071 1062 3152 Auguetovienaia
1076 3071 1141 3132 eive
1158 3075 1293 3155 Seynen·

166 3178 211 3238 aia
232 3175 475 3244 denominabitur
496 3183 528 3236 et
547 3177 580 3236 in
601 3174 705 3250 eedem
726 3170 855 3234 civitate
884 3174 1050 3236 Eceleaiam
1076 3174 1114 3236 ab
1135 3175 1291 3243 intraueri-

166 3279 350 3362 pto'bernm
371 3279 543 3340 literarum
564 3279 736 3338 Exeoutora
762 3277 795 3336 in
823 3281 890 3362 ejua
915 3276 1039 3354 decreto
1066 3299 1208 3360 expreaaa
1235 3303 1290 3346 ra·

167 3382 322 3444 serendam
340 3381 483 3460 erigimur
504 3380 537 3440 in
560 3378 780 3456 cathedralem,
806 3379 837 3438 in
858 3399 948 3458 quam
970 3379 1143 3462 capitulum
1164 3384 1290 3466 antique
1370 3459 1376 3470 „

167 3483 369 3562 Vigeracemie
392 3481 577 3544 cathedralia
599 3481 816 3566 tranatarimua
839 3481 964 3542 alteram
978 3501 1052 3542 vero
1079 3484 1111 3544 in
1133 3484 1290 3550 civitatem

166 3575 442 3650 Saudomirianatm'
461 3584 676 3646 transferentae
702 3593 793 3664 atque
814 3583 976 3646 Eceleeiarn
997 3584 1073 3646 inibi
1095 3589 1291 3670 Collegiatam

166 3689 223 3754 auh
244 3689 335 3750 titulo
356 3687 528 3748 Nativitatia
552 3687 642 3749 Reate
671 3685 766 3746 Maria
789 3685 921 3768 Virginis
941 3686 990 3752 ad
1017 3687 1202 3754 cathedralia
1223 3693 1289 3754 Ec*

167 3791 257 3854 cleaie
277 3790 402 3870 gradum
424 3788 584 3856 evehentea
606 3809 732 3870 eamque
754 3788 941 3870 deeignaatee
962 3811 1020 3874 pro
1042 3771 1182 3875 capitulo
1204 3795 1305 3876 prio-¹

165 3895 209 3958 ria
231 3891 418 3974 cathedrglia
438 3893 604 3957 Kialoenaia
625 3891 665 3954 de
686 3907 768 3969 novo
789 3893 930 3972 erigimur
952 3895 1163 3982 Epiaoopalem
1183 3896 1290 3972 Eccle-

165 3997 240 4058 eiam
263 3994 534 4054 Sandomhienaam
555 3996 794 4078 nuncupandum
816 3997 904 4076 cujua
928 3996 1098 4083 Epiecopue
1128 3998 1288 4060 Saudomi-
1352 3993 1353 3998 ’

164 4098 273 4174 nentia
302 4097 538 4178 nuncupabitur.
590 4099 626 4160 In
657 4117 750 4180 aapra
784 4098 874 4160 diotia
910 4109 1011 4162 autem
1044 4099 1215 4190 lanariami
1249 4101 1289 4167 de

165 4203 263 4282 Sayue
285 4209 317 4262 et
344 4200 581 4278 sandoniriemi
610 4201 787 4265 civitatibus
818 4211 880 4266 tan
905 4202 1054 4282 Palatium
1083 4223 1140 4284 pro
1168 4204 1288 4274 decenti

164 4301 310 4386 Epieoopi
336 4302 526 4366 habitatione
550 4323 644 4386 quam
676 4305 757 4368 Edea
787 4326 845 4392 pro
880 4317 1048 4390 puerorum
1075 4305 1287 4372 Ecclaeieetioo
