2900 4938
1195 345 1239 412 ω
1274 343 1277 350 ,

109 489 235 585 (liebus,
253 525 351 587 gnam
371 504 491 568 Lutetia
509 504 787 592 proficisceremur,
810 460 1000 590 Principem,
1024 509 1238 591 Napoleosrem,

108 610 306 692 honoratoris
323 607 438 670 Fratris
458 607 598 684 sinam,
615 609 746 671 maximo
768 620 931 689 apparatu,
960 629 1136 692 summaque
1153 615 1239 676 Pro-

108 733 214 774 cerum
244 709 470 792 splendissime
496 709 580 770 illius
609 711 704 770 Aulae
732 711 900 791 frequentia
926 711 1100 774 lustrslibus
1130 719 1239 778 Sacra-

107 814 205 876 snenti
232 812 425 894 Biptismstis
452 811 538 892 aquis
567 803 741 906 abluimus.¹
770 815 916 874 Solemnis
942 811 1114 876 huiusmodi
1135 821 1241 882 Caere.

106 917 211 978 monia
233 917 273 988 in¹
286 913 460 987 suburbano
480 911 593 974 Saint
613 914 753 990 Gloud,
776 925 811 992 nt
834 916 963 992 dicitur,
985 937 1104 979 secessu
1116 933 1243 1000 peracta
1274 943 1276 948 ¹

106 1017 244 1080 atlobis
273 1025 335 1094 est,
368 1015 597 1096 imperatorque
626 1016 707 1096 ipse,
740 1026 771 1078 et
798 1019 1014 1098 spectatissima
1042 1010 1105 1082 ei'us
1132 1014 1240 1102 Maisr,
1334 1015 1338 1026 “

106 1121 262 1182 Infantem
283 1137 371 1178 sacro
393 1139 410 1177 s
434 1118 518 1180 sonte
539 1117 760 1194 religiosissime
782 1129 990 1199 susceperunt.
1035 1113 1098 1182 liae
1119 1135 1242 1186 nostres

106 1225 238 1284 fuerunt
261 1223 291 1281 in
308 1219 420 1279 ¹Galliis
442 1239 551 1292 curae;
568 1217 641 1292 ,bae
671 1221 878 1298 gloriosissimi
900 1222 1085 1285 Francorum
1098 1225 1243 1306 'Imperaa

107 1324 186 1386 toris
207 1321 439 1404 providentiam
468 1321 544 1380 haec
566 1321 694 1384 devotae
722 1325 753 1382 in
776 1325 967 1402 Religionem·
982 1325 1116 1384 Gallicae
1137 1327 1242 1410 Natio7

107 1425 156 1484 nis
180 1435 371 1502 argumenta,
394 1423 446 1482 hic
469 1423 598 1502 denique
620 1426 753 1503 suscepti
774 1447 790 1484 a
812 1427 906 1486 Nobis
928 1425 1042 1486 itineris
1066 1403 1173 1486 exitus.

121 1601 124 1615 Ι
195 1526 300 1586 Rebus
328 1524 372 1598 ita
402 1525 568 1598 coniectis,
600 1525 780 1610 adventante
800 1529 859 1588 ism
881 1529 959 1590 veris
981 1538 1176 1608 tempestate,
1208 1530 1240 1592 in

107 1629 235 1702 urbem,
261 1635 291 1686 et
313 1625 420 1704 Sedens
436 1627 577 1713 Nostram
597 1629 811 1698 revertendum
832 1629 924 1690 Nobis
946 1649 1009 1692 ease
1030 1631 1240 1694 iudicavimus.

107 1731 226 1792 Debitis
242 1730 346 1808 itaque
368 1729 474 1790 officiis
496 1749 564 1790 cnm
585 1729 700 1792 invicto
718 1731 906 1814 Imperatore
927 1703 1097 1813 periusicti,
1117 1754 1134 1792 a
1153 1735 1239 1794 cuius

108 1837 206 1896 latere
235 1833 470 1909 divellebamur,
498 1831 645 1911 novisque
668 1853 739 1894 suae
768 1837 921 1913 ergaNos
942 1836 1107 1895 voluntatis
1133 1827 1238 1915 pigno·

108 1937 193 1998 ribus
208 1935 375 2014 gratissime
397 1935 543 2014 acceptis,
564 1935 626 1994 Nos
648 1937 748 1996 itineri
768 1937 867 1998 denuo
890 1937 1107 1998 commisimus.
1148 1919 1238 1998 ilum·

110 2061 170 2120 que
192 2038 381 2098 Cabillonum
410 2035 665 2116 pervenissemus,
697 2039 843 2104 solemnes
864 2040 927 2102 dies
948 2039 1100 2114 Passioni,
1130 2049 1161 2098 et
1180 2041 1238 2100 Re-

110 2121 291 2204 snrreciioni
321 2139 494 2198 Dominicse
523 2138 699 2218 recolendae
729 2129 833 2202 iscros
864 2142 975 2202 ibidem
1013 2143 1238 2221 celebravimus.

112 2245 222 2320 Qualis
249 2242 307 2302 fuit
329 2240 598 2328 cabillonensium,
627 2251 657 2302 et
678 2242 863 2306 advenarum
893 2265 931 2304 ex
956 2243 1090 2304 finitimis
1119 2245 1239 2324 oppidi.
1287 2221 1290 2235 ³

110 2347 248 2427 undique
268 2347 343 2408 illuc
367 2343 612 2406 concurrentium
632 2344 744 2424 pietas!
788 2347 885 2422 Quale
904 2343 936 2406 in
947 2347 1011 2406 >Nos
1026 2347 1157 2407 studium
1171 2347 1239 2426 pari

111 2471 180 2510 cnm
210 2448 401 2510 observantia
428 2448 642 2509 coniunctum!
686 2449 761 2510 Inde
782 2449 966 2530 Lugdunum¹
982 2444 1113 2530 proiecti
1134 2469 1238 2510 sumus

111 2551 327 2630 Lugdunenses
353 2551 402 2610 sui
428 2569 497 2629 erga
523 2549 601 2624 Nos,
631 2559 661 2610 et
683 2552 889 2631 Apostolicam
916 2553 1024 2614 Sedens
1041 2547 1181 2629 amoris,
1207 2561 1240 2614 et

113 2655 245 2736 obsequii
267 2652 454 2728 testimonia,
478 2673 555 2732 quse
575 2649 668 2712 Nobis
689 2654 748 2716 iarn
769 2655 928 2732 dederant,
956 2659 1069 2716 maiore
1091 2654 1239 2734 fortassis,

113 2777 201 2836 quam
225 2767 329 2832 antea,
350 2754 540 2816 contentione
558 2767 753 2820 renovarunt.
797 2759 871 2820 Ven.
895 2767 994 2820 autem
1007 2759 1113 2818 Frater
1128 2759 1239 2820 Noster

113 2858 284 2919 cardinalis
305 2857 453 2918 Fesolaiua
466 2857 713 2934 Lugdunensium
727 2860 982 2943 Archiepiscopus
1004 2861 1104 2920 omnia
1126 2861 1239 2938 magni·

112 2961 184 3023 benc
206 2960 422 3040 hospitalitatis
451 2957 548 3046 officis
562 2959 739 3024 'Nobiscum
774 2983 879 3024 rursus
908 2961 1054 3026 exercuit.
1099 2961 1239 3024 Oblatum

112 3064 161 3126 bie
179 3065 276 3126 Nobis
291 3085 355 3126 esse
371 3063 454 3122 illius
467 3063 609 3139 ornandi,
621 3044 821 3146 'tertiandique
836 3067 912 3145 grati
934 3064 1024 3124 animi
1046 3083 1115 3142 erga
1136 3063 1237 3144 ipsum
1253 3089 1256 3108 ·

112 3169 215 3230 Nostri
246 3167 432 3228 occasionem
459 3165 551 3246 plane
572 3168 743 3244 gaudernae.
785 3151 847 3230 Nec
868 3179 968 3230 tacere
989 3167 1131 3226 volumus
1153 3165 1237 3226 cele-

112 3271 279 3334 berrimum
298 3270 375 3330 illud
388 3267 578 3330 Beatissimae
590 3268 722 3348 Virginis
737 3270 774 3332 de
787 3272 866 3330 Foro
888 3271 959 3330 Iulii
980 3269 1078 3332 dictae
1100 3278 1238 3328 sanctua-
1277 3343 1284 3352 ·

112 3377 207 3454 ruffi,
229 3397 247 3434 a
267 3373 378 3449 Nobis,
400 3391 468 3430 cum
481 3356 1052 3451 ¹Lugduniverssremur,'incredibili
1074 3386 1143 3432 cum
1163 3373 1238 3431 illo-

112 3499 177 3552 ram
207 3479 321 3538 civium
349 3475 534 3536 multisona
563 3485 727 3546 reseratum
754 3497 835 3553 esse,
862 3485 893 3538 et
914 3475 1054 3556 publico,
1084 3485 1120 3534 ut
1141 3475 1237 3549 antea,

112 3583 208 3646 cultui
238 3579 421 3644 restitutum.
472 3575 627 3654 Augustae
654 3579 871 3658 Taurinorum,
906 3579 959 3640 ubi
987 3577 1096 3638 eximia
1124 3576 1238 3638 civium

111 3686 234 3765 religio,
256 3685 465 3762 meminensque
485 3682 517 3742 in
530 3681 592 3740 No's
615 3701 700 3740 amor
724 3683 836 3742 iterum
858 3680 994 3754 emicuit,
1018 3681 1238 3760 Imperatorem

113 3789 322 3868 qusoleonem
340 3787 487 3861 revisere,
517 3794 545 3844 et
567 3783 697 3874 alloqui,
727 3804 858 3846 summae
879 3783 973 3844 Nobis
995 3783 1144 3863 voluptati
1169 3783 1239 3844 suit.

111 3890 337 3954 Ecclesiasticus
358 3889 488 3958 Galliae,
516 3887 681 3966 Italiaeque
710 3887 829 3948 rosilli
853 3886 969 3962 denuo,
1002 3896 1092 3966 atque
1113 3885 1239 3963 diligen·

112 3993 224 4055 tiuime
250 3983 544 4066 commendarimns,
579 3999 610 4050 et
640 3991 769 4070 repetita
797 4010 856 4073 pro
884 3983 1087 4067 singularibus
1107 3989 1178 4048 Eius
1205 3987 1238 4048 in

112 4095 187 4172 lios,
210 4105 240 4156 et
263 4093 446 4156 catholicam
467 4093 650 4172 Religionem
670 4094 783 4154 merilis
804 4091 970 4174 gratiarum
990 4091 1124 4166 actione,
1155 4097 1238 4150 recte
1338 4127 1339 4134 κ

113 4196 168 4258 iter
185 4198 221 4258 in
243 4196 396 4260 Etruriam
419 4196 547 4274 aggressi
568 4197 751 4258 Florentiam
772 4197 973 4278 pervenimus.

196 4299 482 4384 splendidissimus,
509 4299 748 4382 laetissimusque
776 4301 835 4364 init
853 4298 965 4360 Noster
986 4313 1051 4358 eam
1071 4292 1104 4354 in
1132 4290 1258 4412 urbem*
