2922 4930
207 381 273 448 Μ

209 547 247 612 da
265 546 336 630 jura
364 555 397 610 st
428 546 655 630 somnatudina
676 556 837 628 tenantur,
864 557 957 630 prout
984 533 1161 630 impiatae
1189 551 1223 608 in
1249 567 1334 610 mors

207 649 342 732 positum
364 647 432 715 suit.
476 682 482 703 ι
777 677 781 685 ·

259 787 264 794 ·
293 767 491 830 Decernuntur
511 779 683 848 praesentas
705 769 823 846 literas,
846 776 876 830 et
893 769 926 828 in
944 767 987 832 eis
1004 759 1151 832 ,nonanta
1172 787 1338 848 quaecum·

163 935 166 944 ,
209 889 285 951 que;
307 867 395 927 nullo
417 887 550 948 uuquam
572 879 708 952 tompore
723 871 761 932 da
779 871 984 954 subreptionis
1007 873 1057 932 vei
1079 869 1267 954 obreptionis
1284 879 1339 930 aut

207 971 356 1033 nullitatis
378 967 473 1048 vitio,
495 991 549 1032 seu
569 971 743 1034 intentionis
764 975 892 1034 Nostrae
916 973 1035 1036 defectu
1056 974 1172 1050 notari,
1201 984 1256 1033 sut
1277 974 1340 1034 im-

207 1073 338 1156 pugnari
358 1091 446 1154 posse
451 1115 463 1150 ,
492 1072 545 1132 sod
574 1073 821 1154 ssmp‘er'lirmas
850 1086 881 1136 et
902 1075 1039 1136 efficaces
1059 1076 1186 1136 existere
1207 1086 1240 1136 et
1261 1061 1340 1152 lore,

207 1195 342 1256 suosque
360 1175 510 1256 planarios
531 1186 561 1241 et
581 1177 714 1255 integros
734 1175 860 1238 effaetus
881 1178 998 1258 sortiri,
1020 1185 1052 1237 et
1072 1178 1222 1256 obtinere,
1245 1188 1281 1239 et
1302 1179 1339 1238 ab

208 1278 356 1354 omuibus,
383 1277 423 1339 ad
445 1295 521 1358 quos
542 1287 666 1360 spectat,
695 1272 914 1340 inviolabiliter
934 1279 1089 1340 observari
1109 1281 1229 1342 dobere.

293 1399 362 1457 Non
385 1395 573 1460 obstantibus
599 1395 798 1476 Apostolicis,
827 1419 864 1458 ac
891 1399 928 1492 in¹
951 1397 1169 1480 Synodalssrus‚
1197 1399 1339 1462 Provin-

208 1499 352 1578 eialibus‚
386 1498 675 1576 Universalibusque
709 1499 851 1560 Consiliis
887 1499 977 1560 editis
1007 1499 1281 1562 constitutionibus
1310 1512 1340 1562 et

208 1601 460 1664 ordinationibus
481 1599 681 1678 Apostolicis,
702 1598 888 1698 castorioque
905 1601 1063 1662 contrariis
1084 1601 1337 1684 quibuscumque.

292 1721 377 1782 Nulli
398 1739 469 1798 ergo
492 1720 614 1778 omuino
636 1717 792 1780 bominum
813 1719 905 1780 liceat
932 1719 1012 1780 hanc
1041 1722 1181 1804 paginam
1209 1722 1338 1782 Nostrae

132 1813 140 1845 '⁵
195 1809 435 1896 concessionis,
461 1819 594 1900 ludulti,
616 1823 751 1900 Decreti,
774 1821 1001 1904 Derogationis5
1032 1843 1068 1882 ac
1095 1823 1270 1886 Voluntatis
1291 1826 1339 1884 in.

208 1923 355 2002 fringere.
393 1923 481 2004 eique
513 1943 589 1991 ausu
612 1927 769 1988 temerario
793 1926 958 1986 contraire:
990 1925 1015 1985 ai
1046 1925 1114 2008 quis
1145 1935 1248 1988 autem
1277 1925 1336 1987 boc

208 2035 355 2086 attentare
375 2027 629 2108 praesumpserit,
644 2027 884 2107 indignationem
902 2028 1114 2108 omnipotentis
1135 2028 1191 2088 Dei
1212 2029 1335 2088 acBea-

207 2138 310 2190 torum
333 2129 413 2192 Petri
437 2139 468 2188 et
488 2126 583 2206 Pauli,
608 2129 827 2212 Apostolorum
846 2131 930 2214 Ejus,
952 2151 984 2192 ss
1005 2130 1123 2192 noverit
1134 2129 1332 2193 incursurum

294 2231 405 2294 Datum
426 2231 539 2292 Romae
566 2241 624 2294 eto.
662 2249 665 2254 ’
765 2219 769 2236 ”

292 2521 300 2560 x
421 2575 423 2584 t

209 2845 446 2956 Pa'ibstliclts
471 2845 576 2910 Rada
600 2820 734 2910 andis
759 2845 986 2910 Kardinr'r'le
1009 2850 1065 2925 (in
1085 2809 1330 2926 betreffdes

361 2987 366 3002 ι
474 2950 1073 3027 voratekendewKookordata).

470 3137 818 3196 venerabiles
859 3105 1075 3194 Fratris.

265 3303 267 3308 ¹
294 3315 365 3376 Non
393 3312 492 3374 alieno
519 3321 637 3376 uotum
669 3313 816 3374 admoniti
842 3311 997 3392 exarnplo,
1029 3309 1228 3386 venerabiles
1255 3311 1334 3373 Pra-

211 3425 294 3488 tm,
332 3415 384 3474 sed
406 3413 533 3496 propria
562 3417 665 3487 stiam,
681 3415 863 3498 experientia
891 3413 990 3475 edocti
1017 3413 1112 3496 probs
1139 3413 1332 3492 intelligimus

210 3519 439 3580 misericordam
461 3519 555 3580 Deum
574 3519 710 3584 itanum
732 3519 825 3600 seryis
854 3521 916 3578 suis
933 3509 1048 3596 ingere,
1086 3523 1122 3574 ut
1149 3515 1212 3576 illis
1239 3531 1334 3594 neque

211 3612 433 3697 tribulationes,
455 3581 554 3700 ireque
573 3621 777 3702 jucunditates
798 3621 876 3682 sinat
898 3639 961 3682 essa
982 3625 1156 3708 perpetuas,
1177 3615 1232 3679 sed
1245 3635 1337 3676 moe-

212 3725 267 3788 stis
296 3725 388 3786 rebus
416 3722 546 3783 secunda
573 3725 720 3804 quaedam
743 3726 937 3806 permisceat,
965 3731 1001 3782 ut
1021 3719 1149 3781 recreati
1169 3717 1338 3780 conlima-

211 3829 295 3910 tique
314 3825 448 3909 justitiae
478 3825 537 3886 iter
566 3828 660 3888 alacri
689 3828 787 3886 aniano
816 3827 953 3887 insistere
974 3832 1112 3905 pergant.
1155 3821 1236 3882 Dum
1257 3811 1350 3882 erriur‘

213 3931 397 3992 calamitates
418 3925 501 4003 illas,
531 3929 643 4008 quibus
665 3931 800 3994 Ecclesia
828 3931 881 3990 Dei
902 3927 1067 4009 premitur,
1094 3933 1127 3986 et
1150 3921 1335 4003 mumma,

213 4051 289 4113 quaa
311 4029 494 4094 catholicum
518 4025 639 4111 g'ragam
665 4034 862 4094 circrrmstout
876 4030 1022 4111 *pericula
1045 4025 1224 4088 meditantes
1244 4020 1337 4084 rabe-

212 4144 331 4196 mentar
358 4133 513 4213 angimur,
550 4153 621 4195 eoos
647 4133 790 4196 Dominus
819 4135 921 4196 subito
951 4163 994 4184 -κ
1019 4130 1058 4190 in
1083 4130 1167 4196 ista
1197 4135 1339 4188 nostra

213 4235 505 4322 fluctuatione,
534 4257 608 4318 qua
639 4231 887 4314 laboramus,
916 4235 982 4296 dat
1001 4231 1120 4294 Nobis
1148 4227 1338 4290 fiduciam

213 4339 379 4399 venians
410 4339 457 4402 ad
477 4339 565 4419 Nos,
587 4349 628 4408 et
646 4340 882 4404 contortam
901 4338 986 4428 Νοι,Κ
1006 4341 1156 4398 tautum
1175 4351 1222 4396 na
1241 4340 1339 4394 tur·
