2970 4942
217 505 324 572 discola·
344 503 443 586 ungat
458 521 537 565 asro
558 521 641 564 anana
664 442 782 568 ducant
803 461 963 587 οήεὶηοω,
1003 523 1138 590 quaeque
1157 525 1239 570 nunc
1255 508 1342 570 intra

212 607 288 672 lines
308 608 528 670 Hanuoveriani
549 609 644 687 Regni
665 611 867 704 continentur.

296 729 344 806 Ile
362 753 520 830 propterea
543 744 652 806 collata
678 768 746 810 curn
766 747 958 810 serenissimo
983 746 1113 830 George'o
1133 745 1251 826 Quarto
1272 745 1342 806 lie-
1429 763 1434 771 ·

211 867 337 928 gaurum
359 845 480 927 Magnae
500 845 674 925 Brittaniae,
697 859 727 909 et
740 849 900 912 Hiberniae
921 851 1082 927 unitorum,
1104 869 1160 909 nec
1181 869 1241 908 non
1257 845 1341 906 llan-

200 931 343 1040 ‘poverse
363 943 459 1032 Rbge',
489 971 525 1010 ac
545 945 782 1031 Brdnswicensi,
809 961 840 1013 et
861 953 1085 1034 Luneburgensi
1107 951 1208 1025 Duce,
1232 947 1361 1009 lauds--

210 1062 260 1114 tue
281 1053 429 1148 pontifex,
452 1034 562 1114 auditis
575 1055 671 1114 ,etiam
693 1047 843 1124 nonnullis
869 1075 908 1116 ex
933 1053 1160 1117 venerabilibus
1181 1051 1339 1112 Fratribus

178 1202 183 1222 ,
210 1155 329 1216 Nostris
357 1151 482 1219 Sanctae
511 1159 659 1220 Romanae
691 1157 843 1219 Ecclesiae
871 1157 1098 1235 cardinalibus,
1135 1155 1174 1218 ds
1208 1153 1339 1215 faciliori

210 1255 327 1346 ustione
348 1258 572 1322 deliberandum
594 1259 722 1338 censuit,
755 1281 832 1342 quae
852 1260 885 1322 in
905 1270 989 1322 tants
1008 1279 1122 1326 ’rerum
1141 1257 1339 1320 conversione

210 1337 400 1439 oceurr'ebst,
414 1337 512 1424 xunice
532 1362 572 1428 ud
592 1363 679 1424 binas
701 1363 766 1423 illes
781 1363 973 1445 Episcopsles
995 1363 1087 1425 Sedes
1108 1383 1178 1424 cum
1197 1362 1258 1422 auis
1281 1363 1337 1420 Cs-

209 1462 315 1546 pitulis
344 1465 445 1546 sliquo
472 1475 563 1546 pacto
592 1465 833 1542 conservandas,
866 1475 957 1548 atque
989 1465 1028 1528 ad
1050 1467 1155 1528 dotem
1174 1465 1267 1548 ipsis,
1299 1483 1337 1522 ac

210 1565 374 1644 llioecesee,
395 1588 456 1648 quo
477 1577 580 1650 posset
600 1569 701 1656 aptius
724 1567 953 1650 praeficiendae.

296 1705 436 1785 cumque
456 1706 527 1782 uos,
548 1706 662 1768 mmo.
681 1704 756 1818 {⁵⁰⁸5
772 1703 949 1785 impu-tuus,
980 1705 1020 1766 ae
1040 1674 1156 1766 summi
1175 1701 1337 1764 renone»,

208 1813 260 1870 tus
280 1807 398 1902 spiceus
418 1805 525 1870 Dirins
546 1807 590 1870 ain
617 1807 794 1888 disponente
822 1807 1004 1887 benignitate
1032 1807 1179 1868 fuerimus
1207 1805 1336 1882 evocati,

74 1911 77 1928 '
207 1909 241 1970 in
261 1909 293 1972 id
314 1909 402 1972 etiam
433 1909 538 1972 sedulo
563 1911 737 1972 incumbere
765 1911 940 1988 debuimus,
974 1931 1013 1972 ue
1044 1909 1081 1970 ds
1107 1909 1159 2004 ills
1187 1907 1357 1970 Catholici

200 2012 324 2098 'Ga-egis.
335 2013 475 2094 portione
492 2015 595 2074 minus
617 2013 742 2074 solliciti
758 2013 940 2078 videremur.
982 2013 1192 2094 Perspeximus
1214 2010 1335 2092 quidem

206 2135 224 2178 ι
252 2117 417 2178 Sscromnr'
436 2113 600 2174 'canonum
630 2116 727 2194 rigore
764 2113 847 2178 baud
880 2113 1072 2177 mediocriter
1105 2113 1335 2195 temperandum

205 2218 315 2297 fuitne,
336 2219 527 2296 multumque
547 2217 704 2294 locorum,
734 2227 920 2298 temporum,
956 2237 992 2278 sc
1007 2237 1207 2298 personarum
1228 2215 1335 2276 condi·

204 2319 300 2400 tioui,
327 2321 455 2401 aliisque
475 2319 509 2379 id
528 2339 621 2400 genus
641 2320 842 2401 peculiaribus
862 2321 1013 2402 adjunctis
1041 2317 1250 2382 tribuendum:
1277 2317 1334 2380 Aet

205 2443 274 2488 cum
295 2423 425 2486 maxime
445 2431 610 2500 congruat,
642 2416 916 2484 Prsedeooseoruui
929 2423 1063 2503 vestigiis
1084 2420 1258 2500 inhaerere,
1287 2431 1333 2482 at-

198 2527 324 2608 ·quesd
346 2527 459 2588 exitam
481 2525 664 2604 perducere,
690 2510 768 2604 ¹quse
785 2521 867 2586 Pius
890 2527 1042 2608 Septimus
1061 2533 1159 2589 morte
1180 2541 1332 2604 praeven-

202 2637 254 2688 tus
275 2627 410 2705 nequivit
431 2624 622 2706 Apostoliose
644 2629 838 2688 Auctoritatis
858 2622 1022 2702 munimine
1041 2627 1196 2704 roborare,
1217 2645 1331 2688 novum

105 2773 111 2796 ,
202 2729 236 2789 in
263 2727 494 2790 Hannorerieno
522 2729 625 2808 Regno
657 2727 872 2810 Ecclesismm,
915 2742 947 2793 st
977 2730 1187 2812 capitulorum
1219 2738 1332 2792 statum

202 2849 359 2911 novosque
379 2829 566 2890 Dioeceairrm
587 2831 698 2892 limites
720 2833 758 2892 ad
780 2853 884 2896 eornm
905 2855 1057 2912 normam,
1092 2831 1330 2913 qusslaudatns

202 2929 418 2994 Praedecesaor
448 2929 576 2991 duxerat
603 2933 804 3014 admittenda,
848 2937 992 3000 constitui
1018 2936 1220 3000 neceesarium
1249 2953 1330 2996 con-

201 3033 364 3116 speximus.

286 3151 437 3215 Habentes
456 3155 550 3234 igitur
570 3175 626 3236 pro
648 3159 807 3237 expressis,
829 3178 866 3219 ac
887 3159 925 3220 de
945 3159 1040 3220 verbo
1062 3159 1239 3222 adverbum
1256 3175 1328 3238 prc'-

199 3253 269 3316 latis
289 3255 327 3316 iis
354 3259 509 3337 omnibus,
537 3279 614 3340 quse
636 3259 855 3338 praedictarum
875 3261 1088 3339 Ecclesisrum,
1124 3273 1155 3322 et
1176 3261 1329 3342 Capitulu-

198 3377 268 3418 rum
291 3361 441 3422 anurioaa
463 3359 549 3442 jura,
571 3361 748 3442 privilegis,
777 3387 815 3424 ac
834 3365 1056 3446 praerogativas
1077 3365 1263 3446 respiciunt,
1297 3371 1329 3426 et
1375 3349 1385 3366 ⁸

198 3463 358 3521 consensui
379 3463 554 3544 supplentes
577 3484 681 3524 eorum
704 3465 853 3545 omniurn,
876 3485 1004 3550 quorum
1024 3465 1162 3562 intersit,
1188 3467 1226 3529 de
1245 3470 1345 3555 Apo·¹

198 3563 324 3646 stolicas
345 3565 504 3646 potestatis
524 3567 731 3646 plenitudine,
762 3571 885 3652 praevia
905 3571 1077 3634 omnimoda
1100 3573 1326 3656 suppressione,

197 3663 401 3745 extinctione,
436 3677 467 3755 et
488 3671 654 3730 cessatione
675 3673 786 3752 prioris
809 3683 905 3734 status
927 3675 1089 3737 earundem
1112 3677 1326 3754 Ecclesiaruau,

171 3773 229 3838 ,et
250 3767 476 3848 capitulorum,
509 3771 712 3846 decernimus,
736 3773 819 3854 quod
841 3797 879 3837 ex
901 3798 983 3841 nuuc
1004 3777 1037 3870 ip
1059 3789 1214 3860 posterum
1237 3779 1325 3858 Cnpi-

136 3896 138 3906 ⁴
197 3869 295 3930 tulum
323 3869 510 3932 Catbedrslis
538 3875 687 3937 Ecclesiae
715 3877 943 3961 Hildesirnensis
972 3881 1146 3944 efformatus
1171 3882 1209 3942 sb
1237 3881 1326 3944 unica

196 3971 366 4049 Debanstus
389 3975 545 4055 Dignitste
568 3987 599 4038 et
620 3981 678 4040 Sex
699 3981 867 4064 Cauouiois,
890 4003 925 4046 sc
950 3995 1081 4068 quatuor
1104 3981 1249 4062 vicariis,
1271 4005 1326 4046 seu

196 4073 417 4145 Praebendatis.

282 4195 400 4274 Mensae
428 4165 616 4283 Episcopalia
644 4191 737 4264 annui
764 4205 902 4268 redditus
923 4217 1014 4269 erunt
1039 4209 1072 4270 ln
1098 4169 1326 4286 SummaQua-

196 4305 271 4360 tuor
294 4295 374 4361 mille
401 4299 583 4369 thalerorum
615 4317 750 4370 monetae
781 4307 1033 4390 conventionalis2
1062 4322 1096 4374 ut
1117 4313 1197 4374 inira
1220 4312 1324 4394 perci·
