2922 4930
743 649 771 688 0·

310 753 312 761 ’
405 767 456 832 In
496 767 914 834 Nominellonsini
956 770 1103 834 Amen.
1165 781 1187 833 ,“

278 930 404 992 Cunctis
425 929 539 1010 ubique
563 930 602 992 sit
622 939 729 992 notum
752 933 835 1012 quod
857 933 945 995 Anno
966 957 984 992 a
1005 933 1169 994 Natiuitste
1196 928 1305 990 Domini

192 1031 509 1096 narentanorum
532 1033 776 1098 nncccxvut.
800 1036 854 1096 nn
875 1057 948 1096 vero
970 1033 1107 1094 secana.
1130 1013 1237 1092 nausa
1255 1032 1305 1090 su-

192 1135 239 1216 lij.
260 1135 454 1218 Pontificatns
476 1143 576 1195 antem
588 1133 673 1200 esni
687 1138 806 1198 Domini
820 1140 924 1199 Nostri
941 1137 1060 1200 Domini
1081 1139 1138 1196 Pia'
1153 1137 1186 1196 P.
1198 1136 1228 1196 P.
1244 1134 1306 1194 Vll.

194 1225 285 1302 Anno
308 1237 429 1300 Decimo
442 1235 650 1317 Nono—Ego
668 1239 813 1300 Officialis
835 1241 999 1321 deputatus
1020 1238 1230 1318 infrascriptos
1250 1234 1307 1296 ridi

194 1349 227 1399 et
246 1341 306 1418 legi
329 1339 474 1420 quasdam
496 1340 612 1400 litteras
639 1341 827 1422 Apostolicee
859 1345 916 1403 sub
940 1343 1068 1404 Plumbo
1096 1339 1250 1420 expeditas
1267 1348 1308 1399 te-

194 1442 279 1502 noris
290 1442 451 1522 sequentis,
471 1441 625 1503 videlidet:
652 1445 1055 1528 Pius,'Episeopus'Serrus
1066 1447 1231 1504 Servorum
1251 1439 1307 1516 Dei,

195 1544 234 1605 ad
268 1545 448 1626 Perpetuam
486 1545 542 1604 liei
578 1545 764 1608 Memoriam.
805 1548 853 1610 lix
874 1547 1015 1628 imposita
1042 1545 1136 1606 Nobis
1174 1545 1307 1606 divinitas

197 1645 331 1720 omnium
348 1646 547 1707 Ecclesiarum
564 1667 637 1708 cura
657 1647 692 1710 in
705 1669 739 1708 ea
760 1651 882 1711 solliciti
898 1651 1048 1729 adigimur
1059 1647 1235 1728 Apostolica
1252 1646 1309 1704 Au·

106 1795 114 1810 .
199 1749 350 1810 ctoritatis
372 1749 537 1830 presidium
558 1749 708 1827 conferre,
730 1751 839 1830 quibus
863 1753 1061 1811 cumulatiora
1085 1748 1240 1808 catholice
1259 1749 1309 1806 lle·

196 1851 320 1931 ligionis
341 1853 523 1912 incrementa
546 1853 756 1933 utilioremque
779 1855 927 1914 Dominici
949 1850 1055 1932 Gr'egis
1074 1851 1308 1932 procurationem

70 1951 72 1960 ’
198 1954 379 2034 comparari·
395 1973 483 2034 posse
507 1954 729 2033 dignoscamus.
779 1955 841 2016 Hac
873 1977 943 2016 sane
974 1965 1072 2015 mente
1102 1953 1139 2013 in
1173 1951 1308 2012 Ecclesiae

197 2057 335 2123 Poloaici
360 2057 465 2137 Regni,
496 2059 580 2137 quod
599 2059 629 2116 in
651 2077 774 2137 presens
799 2057 1104 2134 dominatnisubest,
1133 2053 1308 2116 serenissimi

197 2181 232 2222 ae
260 2159 462 2220 Potentissimi
490 2161 636 2240 Principis
657 2159 904 2237 Alexandri,
935 2161 1103 2218 Bassorum
1124 2157 1309 2238 Imperatoris

178 2283 233 2324 ,ac
264 2263 389 2324 Polonia
417 2263 519 2342 Regis,
542 2263 738 2342 cogitationes
767 2265 891 2324 Nostrae
909 2262 1106 2338 intendimus,
1133 2271 1172 2322 ut
1198 2259 1307 2320 cessetis

101 2353 125 2458 ⁴⁸
194 2367 411 2446 preteritorum
432 2375 603 2445 temporum
619 2365 841 2426 calamitatibus
862 2385 926 2425 rem
948 2366 1068 2424 Sacram
1089 2363 1204 2444 ibidem
1224 2361 1308 2441 aptio·

195 2469 223 2528 ri
245 2469 343 2528 forms
366 2487 545 2548 componere
568 2465 731 2547 utiliusque
753 2467 894 2528 ordinare
911 2444 1145 2528 connitereniur.
1176 2465 1306 2526 Novimus

197 2571 345 2650 siquidem
368 2589 434 2630 eam
455 2589 519 2638 esse
541 2569 707 2630 lliecesium
727 2569 850 2630 illarum
880 2549 1016 2630 Partium
1038 2568 1230 2645 divisionem,
1258 2582 1310 2646 qua

195 2673 392 2754 perdurante,
412 2673 511 2731 minus
533 2670 691 2731 commode
712 2671 878 2731 animarum
901 2671 1242 2750 [legimini-consultum
1262 2669 1308 2728 io-

196 2785 244 2836 ret
265 2776 499 2856 compluresque
518 2755 646 2854 insuper
673 2783 775 2836 extare
803 2773 942 2836 Purecias
971 2771 1064 2832 modo
1085 2785 1251 2854 spectantes
1276 2765 1308 2828 td

198 2863 413 2956 Gnesnensem,
435 2877 705 2940 wratislaviensem
727 2899 762 2938 ac
785 2859 1024 2940 Premisliensem
1045 2875 1194 2956 Disceses,
1215 2875 1308 2957 qubus

197 2983 368 3046 earumdem
398 2980 585 3062 respectirus
617 2979 751 3042 Antiates
781 2999 850 3060 egre
881 2978 1044 3039 admodum
1070 2971 1181 3058 juvare
1211 2984 1305 3061 posset.

198 3085 473 3146 Animadvertimus
494 3091 629 3166 preterea
651 3083 792 3162 paribus
812 3082 964 3143 ratianum
995 3083 1154 3142 momentis
1185 3085 1215 3143 in
1236 3078 1306 3140 Chri·

198 3185 374 3269 stifidclium·
394 3187 558 3250 utilitatem
580 3207 733 3248 cessurum
754 3187 831 3265 sore,
851 3188 877 3247 si
892 3183 1026 3244 extincto
1047 3183 1138 3244 titulo
1151 3182 1305 3245 AEatbedrs·

197 3291 236 3351 lis
256 3289 408 3352 Ecclesiae
430 3289 629 3370 Vigerscensis
651 3289 746 3372 ipsius
774 3289 963 3372 Episcopalis
985 3287 1076 3348 Sedes
1098 3307 1168 3348 cum
1190 3307 1242 3348 suo
1259 3285 1306 3342 Ca·

198 3393 298 3476 pitulo
313 3393 346 3452 in
360 3392 519 3453 Civitatem
541 3393 579 3452 de
601 3395 728 3474 Sayna
754 3401 930 3472 nuncupat,
953 3391 1126 3472 pariterque
1140 3391 1229 3452 titulo
1247 3386 1305 3448 sub-

199 3500 261 3558 lato
299 3495 485 3581 cathedralis
519 3497 669 3557 Ecclesiae
702 3497 867 3558 Kieloensis
897 3497 980 3556 illius
1010 3496 1102 3556 Sedes
1132 3487 1307 3574 Episcopatu

199 3621 258 3662 una
281 3621 351 3660 com
368 3599 506 3680 capitulo
527 3599 559 3659 in
573 3599 731 3660 Civitatem
747 3599 1018 3674 Sandomiriensem
1039 3599 1205 3678 respective
1223 3585 1305 3654 trias-

199 3707 362 3784 ferrentur,
386 3685 465 3765 unde
480 3701 666 3764 commodior
685 3703 723 3764 ad
736 3704 903 3782 Episcopus
925 3701 1023 3761 aditus
1045 3709 1172 3782 pateret.
1213 3697 1306 3756 Dans·

200 3807 338 3869 cessitate
362 3805 481 3866 ‹lemum
503 3805 636 3865 convicti
666 3805 795 3886 augendi
815 3805 955 3866 Pastores
982 3803 1015 3862 in
1046 3811 1129 3862 tanta
1155 3801 1306 3880 asponon

200 3909 398 3996 amplitudine
426 3926 535 3969 novans
570 3907 777 3990 Episcopalem
813 3907 921 3968 Sedem
957 3905 1219 3968 constabiliendum
1249 3914 1305 3960 esee

200 4015 371 4078 censuimus
393 4013 424 4074 in
445 4013 515 4082 loco
538 4011 576 4074 de
599 4011 716 4089 lanbw,
739 4011 823 4094 quod
843 4029 899 4090 pre
929 4009 1035 4070 ceteris
1055 4009 1139 4070 illius
1159 3997 1302 4070 uicinitatis

156 4175 161 4184 ,
200 4117 501 4200 oppidisnominibus
514 4115 716 4198 persensimus
740 4113 992 4176 commendatum.
1019 4105 1304 4172 Universsmidcirco
1402 4093 1403 4118 l

201 4241 265 4284 rem
288 4219 403 4280 auxilio
426 4219 652 4302 omnipotentis
684 4217 749 4296 Dei,
771 4200 860 4300 cnjus
882 4211 1026 4298 m'ajorem
1051 4215 1173 4294 gloriam
1191 4203 1302 4284 argeba-

202 4349 277 4400 mas,
298 4325 428 4386 fidenter
448 4301 575 4388 exorato
597 4317 824 4402 diligentissime
847 4319 1064 4384 conciliandam
1085 4315 1243 4379 studuimus
1259 4323 1302 4368 au·
